
<marc:record><marc:leader>01510cas a2200445   4500</marc:leader>
<marc:controlfield tag="001">264406</marc:controlfield>
<marc:controlfield tag="005">20150128085207.0</marc:controlfield><marc:controlfield tag="008">750505d19651976ne br p       0   a0eng d</marc:controlfield><marc:datafield tag="010" ind1=" " ind2=" "><marc:subfield code="a">   68005459 </marc:subfield></marc:datafield><marc:datafield tag="022" ind1=" " ind2=" "><marc:subfield code="a">0015-900X</marc:subfield></marc:datafield><marc:datafield tag="035" ind1=" " ind2=" "><marc:subfield code="a">(CStRLIN)NYCX1313337S</marc:subfield></marc:datafield><marc:datafield tag="035" ind1=" " ind2=" "><marc:subfield code="a">(NIC)notisABC9706</marc:subfield></marc:datafield><marc:datafield tag="035" ind1=" " ind2=" "><marc:subfield code="a">(OCoLC)1313337</marc:subfield></marc:datafield><marc:datafield tag="035" ind1=" " ind2=" "><marc:subfield code="a">264406</marc:subfield></marc:datafield><marc:datafield tag="040" ind1=" " ind2=" "><marc:subfield code="a">FGULS</marc:subfield><marc:subfield code="c">FGULS</marc:subfield><marc:subfield code="d">CtY</marc:subfield><marc:subfield code="d">OCoLC</marc:subfield><marc:subfield code="d">CtY</marc:subfield><marc:subfield code="d">NIC</marc:subfield><marc:subfield code="d">CStRLIN</marc:subfield></marc:datafield><marc:datafield tag="050" ind1="0" ind2=" "><marc:subfield code="a">P1.A1</marc:subfield><marc:subfield code="b">F6</marc:subfield></marc:datafield><marc:datafield tag="082" ind1=" " ind2=" "><marc:subfield code="a">410/.5</marc:subfield></marc:datafield><marc:datafield tag="222" ind1="0" ind2="0"><marc:subfield code="a">Foundations of language</marc:subfield></marc:datafield><marc:datafield tag="245" ind1="0" ind2="0"><marc:subfield code="a">Foundations of language.</marc:subfield></marc:datafield><marc:datafield tag="260" ind1=" " ind2=" "><marc:subfield code="a">Dordrecht,</marc:subfield><marc:subfield code="a">Boston,</marc:subfield><marc:subfield code="b">D. Reidel Pub. Co.</marc:subfield></marc:datafield><marc:datafield tag="300" ind1=" " ind2=" "><marc:subfield code="a">14 v.</marc:subfield><marc:subfield code="c">25 cm.</marc:subfield></marc:datafield><marc:datafield tag="310" ind1=" " ind2=" "><marc:subfield code="a">Bimonthly</marc:subfield><marc:subfield code="b">&lt;, Jan. 1975-   &gt;</marc:subfield></marc:datafield><marc:datafield tag="321" ind1=" " ind2=" "><marc:subfield code="a">Quarterly,</marc:subfield><marc:subfield code="b">Jan. 1965-</marc:subfield></marc:datafield><marc:datafield tag="362" ind1="0" ind2=" "><marc:subfield code="a">v.1-14; Jan. 1965-76.</marc:subfield></marc:datafield><marc:datafield tag="500" ind1=" " ind2=" "><marc:subfield code="a">&quot;International journal of language and philosophy.&quot;</marc:subfield></marc:datafield><marc:datafield tag="650" ind1=" " ind2="0"><marc:subfield code="a">Linguistics</marc:subfield><marc:subfield code="x">Periodicals.</marc:subfield></marc:datafield><marc:datafield tag="650" ind1=" " ind2="0"><marc:subfield code="a">Language and languages</marc:subfield><marc:subfield code="x">Philosophy</marc:subfield><marc:subfield code="x">Periodicals.</marc:subfield></marc:datafield><marc:datafield tag="650" ind1=" " ind2="7"><marc:subfield code="a">Language and languages</marc:subfield><marc:subfield code="x">Philosophy</marc:subfield><marc:subfield code="2">fast</marc:subfield><marc:subfield code="0">(OCoLC)fst00992193</marc:subfield></marc:datafield><marc:datafield tag="650" ind1=" " ind2="7"><marc:subfield code="a">Linguistics</marc:subfield><marc:subfield code="2">fast</marc:subfield><marc:subfield code="0">(OCoLC)fst00999202</marc:subfield></marc:datafield><marc:datafield tag="655" ind1=" " ind2="7"><marc:subfield code="a">Periodicals</marc:subfield><marc:subfield code="2">fast</marc:subfield><marc:subfield code="0">(OCoLC)fst01411641</marc:subfield></marc:datafield><marc:datafield tag="770" ind1="1" ind2=" "><marc:subfield code="t">Foundations of language. Supplementary series</marc:subfield></marc:datafield><marc:datafield tag="785" ind1="0" ind2="2"><marc:subfield code="t">Studies in language</marc:subfield></marc:datafield><marc:datafield tag="853" ind1="0" ind2="0"><marc:subfield code="8">1</marc:subfield><marc:subfield code="a">v.</marc:subfield><marc:subfield code="i">(year)</marc:subfield></marc:datafield><marc:datafield tag="863" ind1="4" ind2="0"><marc:subfield code="8">1</marc:subfield><marc:subfield code="a">1-14</marc:subfield><marc:subfield code="i">1965-1976</marc:subfield></marc:datafield><marc:datafield tag="905" ind1=" " ind2=" "><marc:subfield code="a">19921124120000.0</marc:subfield></marc:datafield><marc:datafield tag="948" ind1="2" ind2=" "><marc:subfield code="a">20130930</marc:subfield><marc:subfield code="b">w</marc:subfield><marc:subfield code="d">cac2</marc:subfield><marc:subfield code="e">lts</marc:subfield></marc:datafield><marc:datafield tag="948" ind1="2" ind2=" "><marc:subfield code="a">20141103</marc:subfield><marc:subfield code="b">m</marc:subfield><marc:subfield code="d">batch</marc:subfield><marc:subfield code="e">lts</marc:subfield><marc:subfield code="x">addfast</marc:subfield></marc:datafield><marc:datafield tag="948" ind1="2" ind2=" "><marc:subfield code="a">20150128</marc:subfield><marc:subfield code="b">w</marc:subfield><marc:subfield code="d">cac2</marc:subfield><marc:subfield code="e">lts</marc:subfield><marc:subfield code="x">14</marc:subfield></marc:datafield><marc:datafield tag="948" ind1="1" ind2=" "><marc:subfield code="a">20150128</marc:subfield><marc:subfield code="b">l</marc:subfield><marc:subfield code="d">cac2</marc:subfield><marc:subfield code="e">lts</marc:subfield></marc:datafield><marc:datafield tag="950" ind1=" " ind2=" "><marc:subfield code="l">OLIN</marc:subfield><marc:subfield code="a">P1</marc:subfield><marc:subfield code="b">.F77</marc:subfield><marc:subfield code="f">RPL 04ma80 ew 1313337</marc:subfield><marc:subfield code="i">08/12/85 N</marc:subfield><marc:subfield code="h">01/01/01 N</marc:subfield></marc:datafield></marc:record>