
<marc:record><marc:leader>01254cam a2200373 i 4500</marc:leader>
<marc:controlfield tag="001">754806</marc:controlfield>
<marc:controlfield tag="005">20141112003228.0</marc:controlfield><marc:controlfield tag="008">790321s1979    nyua     b    001 0 eng  </marc:controlfield><marc:datafield tag="010" ind1=" " ind2=" "><marc:subfield code="a">   79050923 </marc:subfield></marc:datafield><marc:datafield tag="020" ind1=" " ind2=" "><marc:subfield code="a">0809057352</marc:subfield></marc:datafield><marc:datafield tag="035" ind1=" " ind2=" "><marc:subfield code="a">(CStRLIN)NYCX4832005B</marc:subfield></marc:datafield><marc:datafield tag="035" ind1=" " ind2=" "><marc:subfield code="a">(NIC)notisADF4681</marc:subfield></marc:datafield><marc:datafield tag="035" ind1=" " ind2=" "><marc:subfield code="a">(OCoLC)4832005</marc:subfield></marc:datafield><marc:datafield tag="035" ind1=" " ind2=" "><marc:subfield code="a">754806</marc:subfield></marc:datafield><marc:datafield tag="040" ind1=" " ind2=" "><marc:subfield code="a">DLC</marc:subfield><marc:subfield code="c">DLC</marc:subfield><marc:subfield code="d">NIC</marc:subfield></marc:datafield><marc:datafield tag="050" ind1="0" ind2=" "><marc:subfield code="a">QH365</marc:subfield><marc:subfield code="b">.O2 1979</marc:subfield></marc:datafield><marc:datafield tag="082" ind1=" " ind2=" "><marc:subfield code="a">575</marc:subfield></marc:datafield><marc:datafield tag="100" ind1="1" ind2=" "><marc:subfield code="a">Darwin, Charles,</marc:subfield><marc:subfield code="d">1809-1882.</marc:subfield></marc:datafield><marc:datafield tag="240" ind1="1" ind2="0"><marc:subfield code="a">On the origin of species</marc:subfield></marc:datafield><marc:datafield tag="245" ind1="1" ind2="4"><marc:subfield code="a">The illustrated origin of species /</marc:subfield><marc:subfield code="c">by Charles Darwin ; abridged &amp; introduced by Richard E. Leakey ; consultants, W. F. Bynum, J. A. Barrett.</marc:subfield></marc:datafield><marc:datafield tag="260" ind1=" " ind2=" "><marc:subfield code="a">New York :</marc:subfield><marc:subfield code="b">Hill and Wang,</marc:subfield><marc:subfield code="c">1979.</marc:subfield></marc:datafield><marc:datafield tag="300" ind1=" " ind2=" "><marc:subfield code="a">240 p. :</marc:subfield><marc:subfield code="b">ill. (some col.) ;</marc:subfield><marc:subfield code="c">25 cm.</marc:subfield></marc:datafield><marc:datafield tag="500" ind1=" " ind2=" "><marc:subfield code="a">Includes index.</marc:subfield></marc:datafield><marc:datafield tag="504" ind1=" " ind2=" "><marc:subfield code="a">Bibliography: p. 231.</marc:subfield></marc:datafield><marc:datafield tag="650" ind1=" " ind2="0"><marc:subfield code="a">Evolution</marc:subfield></marc:datafield><marc:datafield tag="650" ind1=" " ind2="0"><marc:subfield code="a">Natural selection</marc:subfield></marc:datafield><marc:datafield tag="650" ind1=" " ind2="7"><marc:subfield code="a">Evolution</marc:subfield><marc:subfield code="2">fast</marc:subfield><marc:subfield code="0">(OCoLC)fst00917265</marc:subfield></marc:datafield><marc:datafield tag="650" ind1=" " ind2="7"><marc:subfield code="a">Natural selection</marc:subfield><marc:subfield code="2">fast</marc:subfield><marc:subfield code="0">(OCoLC)fst01034520</marc:subfield></marc:datafield><marc:datafield tag="700" ind1="1" ind2=" "><marc:subfield code="a">Leakey, Richard E.</marc:subfield></marc:datafield><marc:datafield tag="700" ind1="1" ind2=" "><marc:subfield code="a">Darwin, Charles,</marc:subfield><marc:subfield code="d">1809-1882.</marc:subfield><marc:subfield code="t">On the origin of species</marc:subfield></marc:datafield><marc:datafield tag="740" ind1=" " ind2=" "><marc:subfield code="a">Origin of species.</marc:subfield></marc:datafield><marc:datafield tag="905" ind1=" " ind2=" "><marc:subfield code="a">19110101120000.0</marc:subfield></marc:datafield><marc:datafield tag="948" ind1="2" ind2=" "><marc:subfield code="a">20141111</marc:subfield><marc:subfield code="b">m</marc:subfield><marc:subfield code="d">batch</marc:subfield><marc:subfield code="e">lts</marc:subfield><marc:subfield code="x">addfast</marc:subfield></marc:datafield><marc:datafield tag="950" ind1=" " ind2=" "><marc:subfield code="l">MANN</marc:subfield><marc:subfield code="a">QH365</marc:subfield><marc:subfield code="b">.O2 1979</marc:subfield><marc:subfield code="i">01/01/01 N</marc:subfield></marc:datafield></marc:record>