
<marc:record><marc:leader>01237cam a22003251  4500</marc:leader>
<marc:controlfield tag="001">776610</marc:controlfield>
<marc:controlfield tag="005">20160509043608.0</marc:controlfield><marc:controlfield tag="008">820929r1962    nyua          000 0 eng  </marc:controlfield><marc:datafield tag="010" ind1=" " ind2=" "><marc:subfield code="a">   62015336/L/r81 </marc:subfield></marc:datafield><marc:datafield tag="035" ind1=" " ind2=" "><marc:subfield code="a">(CStRLIN)NYCX82B70127</marc:subfield></marc:datafield><marc:datafield tag="035" ind1=" " ind2=" "><marc:subfield code="a">(NIC)notisADH6899</marc:subfield></marc:datafield><marc:datafield tag="035" ind1=" " ind2=" "><marc:subfield code="a">(OCoLC)542270</marc:subfield></marc:datafield><marc:datafield tag="035" ind1=" " ind2=" "><marc:subfield code="a">776610</marc:subfield></marc:datafield><marc:datafield tag="040" ind1=" " ind2=" "><marc:subfield code="d">NIC</marc:subfield></marc:datafield><marc:datafield tag="050" ind1="0" ind2=" "><marc:subfield code="a">QC21</marc:subfield><marc:subfield code="b">.R4 1962</marc:subfield></marc:datafield><marc:datafield tag="082" ind1=" " ind2=" "><marc:subfield code="a">530</marc:subfield></marc:datafield><marc:datafield tag="100" ind1="1" ind2=" "><marc:subfield code="a">Resnick, Robert,</marc:subfield><marc:subfield code="d">1923-</marc:subfield></marc:datafield><marc:datafield tag="245" ind1="1" ind2="0"><marc:subfield code="a">Physics for students of science and engineering</marc:subfield><marc:subfield code="c">[by] David Halliday [and] Robert Resnick.</marc:subfield></marc:datafield><marc:datafield tag="250" ind1=" " ind2=" "><marc:subfield code="a">Combined ed.</marc:subfield></marc:datafield><marc:datafield tag="260" ind1=" " ind2=" "><marc:subfield code="a">New York,</marc:subfield><marc:subfield code="b">Wiley</marc:subfield><marc:subfield code="c">[1962]</marc:subfield></marc:datafield><marc:datafield tag="300" ind1=" " ind2=" "><marc:subfield code="a">1122, 55 p.</marc:subfield><marc:subfield code="b">illus.</marc:subfield><marc:subfield code="c">25 cm.</marc:subfield></marc:datafield><marc:datafield tag="500" ind1=" " ind2=" "><marc:subfield code="a">First published in 2 v. with authors' names in reverse order in v. 1.</marc:subfield></marc:datafield><marc:datafield tag="500" ind1=" " ind2=" "><marc:subfield code="a">Pt. I: 1st ed.; pt. II: 2d ed.</marc:subfield></marc:datafield><marc:datafield tag="650" ind1=" " ind2="0"><marc:subfield code="a">Physics.</marc:subfield></marc:datafield><marc:datafield tag="650" ind1=" " ind2="7"><marc:subfield code="a">Physics.</marc:subfield><marc:subfield code="2">fast</marc:subfield><marc:subfield code="0">(OCoLC)fst01063025</marc:subfield></marc:datafield><marc:datafield tag="700" ind1="1" ind2=" "><marc:subfield code="a">Halliday, David,</marc:subfield><marc:subfield code="d">1916-2010.</marc:subfield></marc:datafield><marc:datafield tag="905" ind1=" " ind2=" "><marc:subfield code="a">19940414120000.0</marc:subfield></marc:datafield><marc:datafield tag="948" ind1="2" ind2=" "><marc:subfield code="a">20160509</marc:subfield><marc:subfield code="b">m</marc:subfield><marc:subfield code="d">batch</marc:subfield><marc:subfield code="e">lts</marc:subfield><marc:subfield code="x">WorldShare</marc:subfield></marc:datafield><marc:datafield tag="950" ind1=" " ind2=" "><marc:subfield code="l">MANN</marc:subfield><marc:subfield code="a">QC21</marc:subfield><marc:subfield code="b">.R43 1962</marc:subfield><marc:subfield code="f">BASIC</marc:subfield><marc:subfield code="i">06/24/87 N</marc:subfield><marc:subfield code="h">01/12/87 N</marc:subfield></marc:datafield><marc:datafield tag="950" ind1=" " ind2=" "><marc:subfield code="l">PHYSC</marc:subfield><marc:subfield code="a">QC21</marc:subfield><marc:subfield code="b">.R43 1962</marc:subfield><marc:subfield code="n">\Includes the authors' Supplemental problems and odd-numbered answers for Physics for students of science and engineering\</marc:subfield><marc:subfield code="f">BASIC</marc:subfield><marc:subfield code="i">06/24/87 N ?24:rsl</marc:subfield><marc:subfield code="h">07/03/86 N ?24:rsl</marc:subfield></marc:datafield></marc:record>