
<marc:record><marc:leader>01730cam a22004931  4500</marc:leader>
<marc:controlfield tag="001">1413966</marc:controlfield>
<marc:controlfield tag="005">20160620043557.0</marc:controlfield><marc:controlfield tag="008">880815s1940    nyuh     b    000 0 eng  </marc:controlfield><marc:datafield tag="010" ind1=" " ind2=" "><marc:subfield code="a">   40011376 </marc:subfield></marc:datafield><marc:datafield tag="035" ind1=" " ind2=" "><marc:subfield code="a">(CStRLIN)NYCXA0009800B</marc:subfield></marc:datafield><marc:datafield tag="035" ind1=" " ind2=" "><marc:subfield code="a">(NIC)notisAGM8694</marc:subfield></marc:datafield><marc:datafield tag="035" ind1=" " ind2=" "><marc:subfield code="a">(OCoLC)2613949</marc:subfield></marc:datafield><marc:datafield tag="035" ind1=" " ind2=" "><marc:subfield code="a">1413966</marc:subfield></marc:datafield><marc:datafield tag="040" ind1=" " ind2=" "><marc:subfield code="c">SAZTEC</marc:subfield><marc:subfield code="d">NIC</marc:subfield></marc:datafield><marc:datafield tag="041" ind1="1" ind2=" "><marc:subfield code="a">eng</marc:subfield><marc:subfield code="h">ang</marc:subfield></marc:datafield><marc:datafield tag="050" ind1="0" ind2=" "><marc:subfield code="a">PR1583</marc:subfield><marc:subfield code="b">.K4</marc:subfield></marc:datafield><marc:datafield tag="082" ind1=" " ind2=" "><marc:subfield code="a">829.3</marc:subfield></marc:datafield><marc:datafield tag="130" ind1="0" ind2=" "><marc:subfield code="a">Beowulf.</marc:subfield></marc:datafield><marc:datafield tag="245" ind1="1" ind2="0"><marc:subfield code="a">Beowulf, the oldest English epic;</marc:subfield><marc:subfield code="c">translated into alliterative verse with a critical introduction by Charles W. Kennedy ....</marc:subfield></marc:datafield><marc:datafield tag="260" ind1=" " ind2=" "><marc:subfield code="a">New York,</marc:subfield><marc:subfield code="a">London [etc.]</marc:subfield><marc:subfield code="b">Oxford university press,</marc:subfield><marc:subfield code="c">1940.</marc:subfield></marc:datafield><marc:datafield tag="300" ind1=" " ind2=" "><marc:subfield code="a">lxv, 121 p.</marc:subfield><marc:subfield code="b">front. (facsim.)</marc:subfield><marc:subfield code="c">21 cm.</marc:subfield></marc:datafield><marc:datafield tag="504" ind1=" " ind2=" "><marc:subfield code="a">&quot;A selected bibliography&quot;: p. [103]-111.</marc:subfield></marc:datafield><marc:datafield tag="600" ind1="0" ind2="0"><marc:subfield code="a">Beowulf,</marc:subfield><marc:subfield code="c">King of the Geats</marc:subfield><marc:subfield code="v">Poetry.</marc:subfield></marc:datafield><marc:datafield tag="600" ind1="0" ind2="0"><marc:subfield code="a">Grendel</marc:subfield><marc:subfield code="c">(Monster)</marc:subfield><marc:subfield code="v">Poetry.</marc:subfield></marc:datafield><marc:datafield tag="630" ind1="0" ind2="0"><marc:subfield code="a">Beowulf.</marc:subfield></marc:datafield><marc:datafield tag="651" ind1=" " ind2="0"><marc:subfield code="a">Scandinavia</marc:subfield><marc:subfield code="v">Poetry.</marc:subfield></marc:datafield><marc:datafield tag="650" ind1=" " ind2="0"><marc:subfield code="a">Heroes</marc:subfield><marc:subfield code="v">Poetry.</marc:subfield></marc:datafield><marc:datafield tag="650" ind1=" " ind2="0"><marc:subfield code="a">Monsters</marc:subfield><marc:subfield code="v">Poetry.</marc:subfield></marc:datafield><marc:datafield tag="650" ind1=" " ind2="0"><marc:subfield code="a">Dragons</marc:subfield><marc:subfield code="v">Poetry.</marc:subfield></marc:datafield><marc:datafield tag="600" ind1="0" ind2="7"><marc:subfield code="a">Beowulf,</marc:subfield><marc:subfield code="c">King of the Geats.</marc:subfield><marc:subfield code="2">fast</marc:subfield><marc:subfield code="0">(OCoLC)fst01742747</marc:subfield></marc:datafield><marc:datafield tag="600" ind1="0" ind2="7"><marc:subfield code="a">Grendel</marc:subfield><marc:subfield code="c">(Monster)</marc:subfield><marc:subfield code="2">fast</marc:subfield><marc:subfield code="0">(OCoLC)fst01742748</marc:subfield></marc:datafield><marc:datafield tag="630" ind1="0" ind2="7"><marc:subfield code="a">Beowulf.</marc:subfield><marc:subfield code="2">fast</marc:subfield><marc:subfield code="0">(OCoLC)fst01356023</marc:subfield></marc:datafield><marc:datafield tag="650" ind1=" " ind2="7"><marc:subfield code="a">Dragons.</marc:subfield><marc:subfield code="2">fast</marc:subfield><marc:subfield code="0">(OCoLC)fst00897397</marc:subfield></marc:datafield><marc:datafield tag="650" ind1=" " ind2="7"><marc:subfield code="a">Heroes.</marc:subfield><marc:subfield code="2">fast</marc:subfield><marc:subfield code="0">(OCoLC)fst00955558</marc:subfield></marc:datafield><marc:datafield tag="650" ind1=" " ind2="7"><marc:subfield code="a">Monsters.</marc:subfield><marc:subfield code="2">fast</marc:subfield><marc:subfield code="0">(OCoLC)fst01025752</marc:subfield></marc:datafield><marc:datafield tag="651" ind1=" " ind2="7"><marc:subfield code="a">Scandinavia.</marc:subfield><marc:subfield code="2">fast</marc:subfield><marc:subfield code="0">(OCoLC)fst01242804</marc:subfield></marc:datafield><marc:datafield tag="655" ind1=" " ind2="7"><marc:subfield code="a">Poetry.</marc:subfield><marc:subfield code="2">fast</marc:subfield><marc:subfield code="0">(OCoLC)fst01423828</marc:subfield></marc:datafield><marc:datafield tag="700" ind1="1" ind2=" "><marc:subfield code="a">Kennedy, Charles W.</marc:subfield><marc:subfield code="q">(Charles William),</marc:subfield><marc:subfield code="d">1882-1969.</marc:subfield></marc:datafield><marc:datafield tag="899" ind1=" " ind2=" "><marc:subfield code="a">tsin20091130</marc:subfield></marc:datafield><marc:datafield tag="905" ind1=" " ind2=" "><marc:subfield code="a">19910617120000.0</marc:subfield></marc:datafield><marc:datafield tag="948" ind1="2" ind2=" "><marc:subfield code="a">20091221</marc:subfield><marc:subfield code="b">w</marc:subfield><marc:subfield code="d">batch</marc:subfield><marc:subfield code="e">lts</marc:subfield></marc:datafield><marc:datafield tag="948" ind1="2" ind2=" "><marc:subfield code="a">20160620</marc:subfield><marc:subfield code="b">m</marc:subfield><marc:subfield code="d">batch</marc:subfield><marc:subfield code="e">lts</marc:subfield><marc:subfield code="x">WorldShare</marc:subfield></marc:datafield><marc:datafield tag="950" ind1=" " ind2=" "><marc:subfield code="a">PR1583</marc:subfield><marc:subfield code="b">.K35</marc:subfield><marc:subfield code="l">OLIN</marc:subfield><marc:subfield code="x">1</marc:subfield></marc:datafield><marc:datafield tag="976" ind1=" " ind2=" "><marc:subfield code="p">31924013339423</marc:subfield></marc:datafield></marc:record>