
<marc:record><marc:leader>01345ccm a2200325 a 4500</marc:leader>
<marc:controlfield tag="001">1520701</marc:controlfield>
<marc:controlfield tag="005">20150530151913.0</marc:controlfield><marc:controlfield tag="008">880309s1987    gw fgz         n         </marc:controlfield><marc:datafield tag="028" ind1="3" ind2="0"><marc:subfield code="a">Edition Peters Nr. 8586a</marc:subfield><marc:subfield code="b">C.F. Peters</marc:subfield></marc:datafield><marc:datafield tag="028" ind1="3" ind2="0"><marc:subfield code="a">Edition Peters Nr. 8586b</marc:subfield><marc:subfield code="b">C.F. Peters</marc:subfield></marc:datafield><marc:datafield tag="028" ind1="2" ind2="0"><marc:subfield code="a">Litolff/Peters 31562</marc:subfield><marc:subfield code="b">C.F. Peters</marc:subfield></marc:datafield><marc:datafield tag="028" ind1="2" ind2="0"><marc:subfield code="a">Litolff/Peters 31563</marc:subfield><marc:subfield code="b">C.F. Peters</marc:subfield></marc:datafield><marc:datafield tag="035" ind1=" " ind2=" "><marc:subfield code="a">(OCoLC)63928113</marc:subfield></marc:datafield><marc:datafield tag="035" ind1=" " ind2=" "><marc:subfield code="a">1520701</marc:subfield></marc:datafield><marc:datafield tag="045" ind1="2" ind2=" "><marc:subfield code="b">d1740</marc:subfield><marc:subfield code="b">d1750</marc:subfield></marc:datafield><marc:datafield tag="048" ind1=" " ind2=" "><marc:subfield code="a">kc01</marc:subfield></marc:datafield><marc:datafield tag="050" ind1="0" ind2=" "><marc:subfield code="a">M25</marc:subfield><marc:subfield code="b">.B</marc:subfield></marc:datafield><marc:datafield tag="100" ind1="1" ind2=" "><marc:subfield code="a">Bach, Johann Sebastian,</marc:subfield><marc:subfield code="d">1685-1750.</marc:subfield></marc:datafield><marc:datafield tag="245" ind1="1" ind2="4"><marc:subfield code="a">Die Kunst der Fuge =</marc:subfield><marc:subfield code="b">The art of fugue : BWV 1080 /</marc:subfield><marc:subfield code="c">Johann Sebastian Bach ; herausgegeben von Christoph Wolff.</marc:subfield></marc:datafield><marc:datafield tag="260" ind1=" " ind2=" "><marc:subfield code="a">Frankfurt ;</marc:subfield><marc:subfield code="a">New York :</marc:subfield><marc:subfield code="b">C.F. Peters,</marc:subfield><marc:subfield code="c">c1987.</marc:subfield></marc:datafield><marc:datafield tag="300" ind1=" " ind2=" "><marc:subfield code="a">2 v. of music ;</marc:subfield><marc:subfield code="c">31 cm.</marc:subfield></marc:datafield><marc:datafield tag="500" ind1=" " ind2=" "><marc:subfield code="a">Originally without instrumental specification, but probably intended to be played on harpsichord.</marc:subfield></marc:datafield><marc:datafield tag="500" ind1=" " ind2=" "><marc:subfield code="a">&quot;Erstausgabe&quot; (Bd. 1).</marc:subfield></marc:datafield><marc:datafield tag="505" ind1="0" ind2=" "><marc:subfield code="a">Bd. 1. Frühere Fassung der autographen Partitur = Earlier version of the autograph score -- Bd. 2. Spätere Fassung des Originaldrucks = Later version of the original print.</marc:subfield></marc:datafield><marc:datafield tag="500" ind1=" " ind2=" "><marc:subfield code="a">Publisher's no.: Edition Peters Nr. 8586a-8586b.</marc:subfield></marc:datafield><marc:datafield tag="500" ind1=" " ind2=" "><marc:subfield code="a">Pl. no.: 31562-31563.</marc:subfield></marc:datafield><marc:datafield tag="650" ind1=" " ind2="0"><marc:subfield code="a">Canons, fugues, etc. (Harpsichord)</marc:subfield></marc:datafield><marc:datafield tag="700" ind1="1" ind2=" "><marc:subfield code="a">Wolff, Christoph.</marc:subfield></marc:datafield><marc:datafield tag="740" ind1="0" ind2=" "><marc:subfield code="a">Art of fugue.</marc:subfield></marc:datafield><marc:datafield tag="905" ind1=" " ind2=" "><marc:subfield code="a">19880831120000.0</marc:subfield></marc:datafield></marc:record>