
<marc:record><marc:leader>16578cpcaa2202209 a 4500</marc:leader>
<marc:controlfield tag="001">2083918</marc:controlfield>
<marc:controlfield tag="005">20160606133302.0</marc:controlfield><marc:controlfield tag="008">860602i19311992nyu                 eng d</marc:controlfield><marc:datafield tag="010" ind1=" " ind2=" "><marc:subfield code="a">MS 70001053 </marc:subfield></marc:datafield><marc:datafield tag="035" ind1=" " ind2=" "><marc:subfield code="a">(CStRLIN)NYCV86A118</marc:subfield></marc:datafield><marc:datafield tag="035" ind1=" " ind2=" "><marc:subfield code="a">(CStRLIN)NYCV86-A118</marc:subfield></marc:datafield><marc:datafield tag="035" ind1=" " ind2=" "><marc:subfield code="a">2083918</marc:subfield></marc:datafield><marc:datafield tag="035" ind1=" " ind2=" "><marc:subfield code="a">(OCoLC)123439230</marc:subfield></marc:datafield><marc:datafield tag="040" ind1=" " ind2=" "><marc:subfield code="a">NIC</marc:subfield><marc:subfield code="e">appm</marc:subfield><marc:subfield code="c">NIC</marc:subfield><marc:subfield code="d">NIC</marc:subfield><marc:subfield code="d">NIC</marc:subfield><marc:subfield code="d">NIC</marc:subfield></marc:datafield><marc:datafield tag="100" ind1="1" ind2=" "><marc:subfield code="a">Bethe, Hans A.</marc:subfield><marc:subfield code="q">(Hans Albrecht),</marc:subfield><marc:subfield code="d">1906-2005.</marc:subfield></marc:datafield><marc:datafield tag="245" ind1="0" ind2="0"><marc:subfield code="a">Hans Bethe papers,</marc:subfield><marc:subfield code="f">[ca. 1931]-1992.</marc:subfield></marc:datafield><marc:datafield tag="300" ind1=" " ind2=" "><marc:subfield code="a">75.8 cubic ft.</marc:subfield></marc:datafield><marc:datafield tag="300" ind1=" " ind2=" "><marc:subfield code="a">9 videocassettes.</marc:subfield></marc:datafield><marc:datafield tag="300" ind1=" " ind2=" "><marc:subfield code="a">1 videodisc.</marc:subfield></marc:datafield><marc:datafield tag="300" ind1=" " ind2=" "><marc:subfield code="a">4 reel-to-reel tapes.</marc:subfield></marc:datafield><marc:datafield tag="300" ind1=" " ind2=" "><marc:subfield code="a">7 cassette tapes.</marc:subfield></marc:datafield><marc:datafield tag="506" ind1=" " ind2=" "><marc:subfield code="3">61-66, 69-72, and 76-107 are restricted to permission of the archivist</marc:subfield></marc:datafield><marc:datafield tag="545" ind1=" " ind2=" "><marc:subfield code="a">Hans Albrecht Bethe (1906-2005) was among the most prominent physicists of the twentieth century, most famous for his work on the Manhattan Project during World War II, and for his Nobel prize-winning work on solar energy (1967).</marc:subfield></marc:datafield><marc:datafield tag="545" ind1=" " ind2=" "><marc:subfield code="b">Born in Strasbourg, Bethe studied physics at Frankfurt and under Arnold Sommerfeld at the University of Munich. In 1930 he received a fellowship to Cambridge. He began his professional career at universities in Germany, and also worked with Enrico Fermi in Rome in the early 1930's. Although Bethe did not consider himself a Jew, his mother had Jewish ancestry, and thus he was removed from his university position at Tuebingen under the Nuremberg laws once Hitler came to power. He emigrated first to a position at Manchester, and then to Cornell University in 1935, where he would teach for the rest of his career.</marc:subfield></marc:datafield><marc:datafield tag="545" ind1=" " ind2=" "><marc:subfield code="b">In his early years at Cornell, Bethe formulated his theory of how stars produce energy, an achievement that would win him the Nobel Prize in 1967. Further notable accomplishments included his work on the Lamb Shift, his famous three-part summary of nuclear physics, and his post-retirement collaboration with Gerry Brown on supernovae and neutrinos.</marc:subfield></marc:datafield><marc:datafield tag="545" ind1=" " ind2=" "><marc:subfield code="b">During World War II, he headed the Theoretical Division at Los Alamos National Laboratory  as part of the Manhattan Project to build the atomic bomb. Despite his concerns about escalating the nuclear arms race, he assisted in the development of the Hydrogen bomb in the 1950's. Through these experiences, he became a vocal adversary of the nuclear arms race and control, opposing programs such as the Strategic Defense Initiative, and arguing in favor of anti-proliferation and test ban treaties, including SALT I and II. He was also an impassioned supporter of nuclear power as a solution to American energy needs. He was involved in policy throughout his adult life, as a science advisor to several presidents, as someone who frequently testified before Congress on issues of scientific importance, and as an advocate for the role of scientists in public affairs.</marc:subfield></marc:datafield><marc:datafield tag="545" ind1=" " ind2=" "><marc:subfield code="b">He also performed extensive consulting work for the U.S. government and American labs, such as the Los Alamos National Laboratory (LANL), the Argonne National Laboratory (ANL) and the Oakridge and Lawrence Livermore Laboratories. He also did consulting work for businesses such as Avco. Such consulting work generally related either to nuclear energy, or to defense.</marc:subfield></marc:datafield><marc:datafield tag="545" ind1=" " ind2=" "><marc:subfield code="b">After immigrating to the United States, he reconnected with Rose Ewald, daughter of his earlier physics mentor, Peter Paul Ewald. They married in 1939, and had two children, Henry and Monica. He retired from Cornell in 1975, but continued his astrophysics research and continued to be an expert on thermonuclear processes, shock waves, and neutrino reactions.</marc:subfield></marc:datafield><marc:datafield tag="545" ind1=" " ind2=" "><marc:subfield code="b">Bethe died at age 98 in 2005, having continued to participate in scientific study and policy until late in his life.</marc:subfield></marc:datafield><marc:datafield tag="520" ind1=" " ind2=" "><marc:subfield code="a">Papers consist of Bethe's calculations, notes, and correspondence with colleagues concerning nuclear physics, solar, stellar, and nuclear energy, radiation, conduction in metals, quantum mechanics, the recommendation of physicists for various positions and grants, administration of the Cornell University Physics Department, Cornell courses, arms and arms control, underwater explosion research, nuclear test ban, and other topics; reports and hearings of the Atomic Energy Commission; Navy research reports; President's Science Advisory Committee memoranda; phonograph album of a television interview with Bethe concerning scientific education in the United States; articles, reprints, lectures, and textbooks by Bethe and others; reviews of professional writings; Ph.D. theses from the Cornell Physics Department; an engraving and two posters of Bethe used to advertise the Lauritsen Memorial Lecture for 1980; and correspondence received when Bethe won the Nobel Prize. Collection includes material on Strategic Defense Initiative, the H-Bomb and the Anti-Ballistic Missile, the end of the Cold War, and supernovae.  Correspondents include Kenneth T. Bainbridge, Niels Bohr, Gregory Breit, Lee A. DuBridge, George Gamow, R. Clifton Gibbs, Emil J. Konopinski, Sigurd Kohler, Irving Langmuir, Ernest O. Lawrence, Edwin M. McMillan, Carleton Murdock, Lothar W. Nordheim, J. Robert Oppenheimer, George B. Pegram, Isidor I. Rabi, Morris E. Rose, Bruno Rossi, Harlow Shapley, Eugene Paul Wigner, Robert Wilson, and Victor Weisskopf.</marc:subfield></marc:datafield><marc:datafield tag="520" ind1=" " ind2=" "><marc:subfield code="a">Records created or assembled by Hans Bethe. The collection includes correspondence; drafts and copies of Bethe's articles; articles and publications gathered for his research; notes and calculations; material related to arms control and nuclear energy advocacy, including copies of congressional testimony; meeting minutes and memoranda related to Cornell University and the physics department, and material assembled for teaching, such as overhead transparencies; clippings; transcripts of oral history interviews; and material relating to Bethe's consulting work, including memoranda from the President's Science Advisory Committee and Navy research reports.</marc:subfield></marc:datafield><marc:datafield tag="520" ind1=" " ind2=" "><marc:subfield code="a">His research topics include nuclear physics, astrophysics, radiation, quantum mechanics, and metal conduction. Other topics include policy, and materials related to the history of physics and science, including research, biographies of other physics luminaries, and interviews with Bethe. Some Bethe interviews are printed, five are on videocassette, and one is on a phonograph.</marc:subfield></marc:datafield><marc:datafield tag="520" ind1=" " ind2=" "><marc:subfield code="a">While material in the collection dates back to the 1930's, the bulk of it dates from 1950-2000. Bethe actually assembled some of the earlier material later. For instance, he later collected photocopies of his old letters from the 1930's, some of which were photocopied from other archives.</marc:subfield></marc:datafield><marc:datafield tag="520" ind1="8" ind2=" "><marc:subfield code="a">Also, five videocassettes:  &quot;An Evening with Hans Bethe:  The German A-Bomb Project&quot;; &quot;A Conversation with Emeritus Professor Dr. Hans Bethe and Dr. Victor Weisskopf&quot;; &quot;A Conversation with Emeritus Professors Dr. Hans Bethe and Dr. Robert Wilson&quot;; and, &quot;Hans Bethe:  Super Nova Mechanism,&quot; and &quot;'I can do that!' - Hans Bethe's First 60 Years at Cornell.&quot;  Includes a photograph of Bethe, Day, Long et al at the groundbreaking for Newman Laboratory, and a photograph of Bethe with Peter Carruthers and Carson Mark near Los Alamos, circa 1980.</marc:subfield></marc:datafield><marc:datafield tag="520" ind1="8" ind2=" "><marc:subfield code="a">Ten audio recordings, including Fermi Memoriam Session Remarks, 29 April 1955; Hans Bethe, introduced by Norris Bradbury (2 reels), n.d.; Physics Lecture, 7 May 1976 (1 cassette); &quot;The Energy Problem I: The Crisis is Real,&quot; 17 May 1976; &quot;The Energy Problem: The Necessity of Nuclear Power,&quot; 19 May 1976; and Loeb Lecture, &quot;Reversing the Nuclear Arms Race,&quot; 11 November 1982; and &quot;A Talk with Hans Bethe,&quot; WSKG, 30 March 1995.</marc:subfield></marc:datafield><marc:datafield tag="520" ind1="8" ind2=" "><marc:subfield code="a">Also, packet  celebrating life of Hans A. Bethe containing booklet &quot;Hans Bethe, 1906-2005,&quot; DVD &quot;Remembering Hans Bethe,&quot; three programs, one news release; movie film, &quot;The Nobel Prize in Physics in 1967.&quot;</marc:subfield></marc:datafield><marc:datafield tag="544" ind1="1" ind2=" "><marc:subfield code="a">See also the Hans Bethe reprint collection, #4706 and Internet-First University Press Collection, #6746, for more DVDs</marc:subfield></marc:datafield><marc:datafield tag="524" ind1=" " ind2=" "><marc:subfield code="a">Hans Bethe papers, #14-22-976.  Division of Rare and Manuscript Collections, Cornell University Library.</marc:subfield></marc:datafield><marc:datafield tag="545" ind1=" " ind2=" "><marc:subfield code="a">Physicist, Cornell University professor of physics, Nobel laureate.</marc:subfield></marc:datafield><marc:datafield tag="555" ind1="0" ind2=" "><marc:subfield code="a">Unpublished guide.</marc:subfield></marc:datafield><marc:datafield tag="600" ind1="1" ind2="0"><marc:subfield code="a">Bainbridge, Kenneth T.</marc:subfield><marc:subfield code="q">(Kenneth Tompkins),</marc:subfield><marc:subfield code="d">1904-1996.</marc:subfield></marc:datafield><marc:datafield tag="600" ind1="1" ind2="0"><marc:subfield code="a">Bohr, Niels,</marc:subfield><marc:subfield code="d">1885-1962.</marc:subfield></marc:datafield><marc:datafield tag="600" ind1="1" ind2="0"><marc:subfield code="a">Breit, Gregory,</marc:subfield><marc:subfield code="d">1899-1981.</marc:subfield></marc:datafield><marc:datafield tag="600" ind1="1" ind2="0"><marc:subfield code="a">Brown, G. E.</marc:subfield><marc:subfield code="q">(Gerald Edward),</marc:subfield><marc:subfield code="d">1926-</marc:subfield></marc:datafield><marc:datafield tag="600" ind1="1" ind2="0"><marc:subfield code="a">Brueckner, Keith A.</marc:subfield></marc:datafield><marc:datafield tag="600" ind1="1" ind2="0"><marc:subfield code="a">Carruthers, Peter A.,</marc:subfield><marc:subfield code="d">1935-1997.</marc:subfield></marc:datafield><marc:datafield tag="600" ind1="1" ind2="0"><marc:subfield code="a">Cohen, Bernard.</marc:subfield></marc:datafield><marc:datafield tag="600" ind1="1" ind2="0"><marc:subfield code="a">Dimotakis, Paul.</marc:subfield></marc:datafield><marc:datafield tag="600" ind1="1" ind2="0"><marc:subfield code="a">DuBridge, Lee A.</marc:subfield><marc:subfield code="q">(Lee Alvin),</marc:subfield><marc:subfield code="d">1901-1994.</marc:subfield></marc:datafield><marc:datafield tag="600" ind1="1" ind2="0"><marc:subfield code="a">Ewald, Paul Peter,</marc:subfield><marc:subfield code="d">1888-1985</marc:subfield></marc:datafield><marc:datafield tag="600" ind1="1" ind2="0"><marc:subfield code="a">Feynman, Richard P.</marc:subfield><marc:subfield code="q">(Richard Phillips),</marc:subfield><marc:subfield code="d">1918-1988.</marc:subfield></marc:datafield><marc:datafield tag="600" ind1="1" ind2="0"><marc:subfield code="a">Fowler, William A.</marc:subfield></marc:datafield><marc:datafield tag="600" ind1="1" ind2="0"><marc:subfield code="a">Gamow, George,</marc:subfield><marc:subfield code="d">1904-1968.</marc:subfield></marc:datafield><marc:datafield tag="600" ind1="1" ind2="0"><marc:subfield code="a">Gibbs, R. C.</marc:subfield><marc:subfield code="q">(Roswell Clifton),</marc:subfield><marc:subfield code="d">1878-</marc:subfield></marc:datafield><marc:datafield tag="600" ind1="1" ind2="0"><marc:subfield code="a">Heisenberg, Werner,</marc:subfield><marc:subfield code="d">1901-1976.</marc:subfield></marc:datafield><marc:datafield tag="600" ind1="1" ind2="0"><marc:subfield code="a">Konopinski, Emil Jan,</marc:subfield><marc:subfield code="d">1911-</marc:subfield></marc:datafield><marc:datafield tag="600" ind1="1" ind2="0"><marc:subfield code="a">Kohler, Sigurd.</marc:subfield></marc:datafield><marc:datafield tag="600" ind1="1" ind2="0"><marc:subfield code="a">Langmuir, Irving,</marc:subfield><marc:subfield code="d">1881-1957.</marc:subfield></marc:datafield><marc:datafield tag="600" ind1="1" ind2="0"><marc:subfield code="a">Lawrence, Ernest Orlando,</marc:subfield><marc:subfield code="d">1901-1958.</marc:subfield></marc:datafield><marc:datafield tag="600" ind1="1" ind2="0"><marc:subfield code="a">Lovins, Amory B.,</marc:subfield><marc:subfield code="d">1947-</marc:subfield></marc:datafield><marc:datafield tag="600" ind1="1" ind2="0"><marc:subfield code="a">Mark, Carson.</marc:subfield></marc:datafield><marc:datafield tag="600" ind1="1" ind2="0"><marc:subfield code="a">McMillan, Edwin M.</marc:subfield><marc:subfield code="q">(Edwin Mattison),</marc:subfield><marc:subfield code="d">1907-</marc:subfield></marc:datafield><marc:datafield tag="600" ind1="1" ind2="0"><marc:subfield code="a">McNamara, Robert S.,</marc:subfield><marc:subfield code="d">1916-2009.</marc:subfield></marc:datafield><marc:datafield tag="600" ind1="1" ind2="0"><marc:subfield code="a">Murdock, Carleton C.</marc:subfield><marc:subfield code="q">(Carleton Chase),</marc:subfield><marc:subfield code="d">1884-</marc:subfield></marc:datafield><marc:datafield tag="600" ind1="1" ind2="0"><marc:subfield code="a">Negele, John W.</marc:subfield></marc:datafield><marc:datafield tag="600" ind1="1" ind2="0"><marc:subfield code="a">Nomoto, Kanʼichi,</marc:subfield><marc:subfield code="d">1937-</marc:subfield></marc:datafield><marc:datafield tag="600" ind1="1" ind2="0"><marc:subfield code="a">Nordheim, Lothar,</marc:subfield><marc:subfield code="d">1899-</marc:subfield></marc:datafield><marc:datafield tag="600" ind1="1" ind2="0"><marc:subfield code="a">Oppenheimer, J. Robert,</marc:subfield><marc:subfield code="d">1904-1967.</marc:subfield></marc:datafield><marc:datafield tag="600" ind1="1" ind2="0"><marc:subfield code="a">Pegram, George Braxton,</marc:subfield><marc:subfield code="d">1876-1958.</marc:subfield></marc:datafield><marc:datafield tag="600" ind1="1" ind2="0"><marc:subfield code="a">Peierls, Rudolf E.</marc:subfield><marc:subfield code="q">(Rudolf Ernst),</marc:subfield><marc:subfield code="d">1907-1995</marc:subfield></marc:datafield><marc:datafield tag="600" ind1="1" ind2="0"><marc:subfield code="a">Rabi, I. I.</marc:subfield><marc:subfield code="q">(Isidor Isaac),</marc:subfield><marc:subfield code="d">1898-1988.</marc:subfield></marc:datafield><marc:datafield tag="600" ind1="1" ind2="0"><marc:subfield code="a">Rose, Morris Edgar,</marc:subfield><marc:subfield code="d">1911-</marc:subfield></marc:datafield><marc:datafield tag="600" ind1="1" ind2="0"><marc:subfield code="a">Rossi, Bruno,</marc:subfield><marc:subfield code="d">1905-1993.</marc:subfield></marc:datafield><marc:datafield tag="600" ind1="1" ind2="0"><marc:subfield code="a">Salpeter, Edwin E.</marc:subfield></marc:datafield><marc:datafield tag="600" ind1="1" ind2="0"><marc:subfield code="a">Schweber, S. S.</marc:subfield><marc:subfield code="q">(Silvan S.)</marc:subfield></marc:datafield><marc:datafield tag="600" ind1="1" ind2="0"><marc:subfield code="a">Shapley, Harlow,</marc:subfield><marc:subfield code="d">1885-1972.</marc:subfield></marc:datafield><marc:datafield tag="600" ind1="1" ind2="0"><marc:subfield code="a">Sommerfeld, Arnold,</marc:subfield><marc:subfield code="d">1868-1951.</marc:subfield></marc:datafield><marc:datafield tag="600" ind1="1" ind2="0"><marc:subfield code="a">Sudoplatov, Pavel,</marc:subfield><marc:subfield code="d">1907-1996.</marc:subfield></marc:datafield><marc:datafield tag="600" ind1="1" ind2="0"><marc:subfield code="a">Teller, Edward,</marc:subfield><marc:subfield code="d">1908-2003.</marc:subfield></marc:datafield><marc:datafield tag="600" ind1="1" ind2="0"><marc:subfield code="a">Weisskopf, Victor Frederick,</marc:subfield><marc:subfield code="d">1908-2002.</marc:subfield></marc:datafield><marc:datafield tag="600" ind1="1" ind2="0"><marc:subfield code="a">Wigner, Eugene Paul,</marc:subfield><marc:subfield code="d">1902-1995.</marc:subfield></marc:datafield><marc:datafield tag="600" ind1="1" ind2="0"><marc:subfield code="a">Wilson, Robert R.,</marc:subfield><marc:subfield code="d">1914-2000.</marc:subfield></marc:datafield><marc:datafield tag="600" ind1="1" ind2="0"><marc:subfield code="a">Woosley, Stanford E.</marc:subfield></marc:datafield><marc:datafield tag="610" ind1="2" ind2="0"><marc:subfield code="a">Americans for Energy Independence.</marc:subfield></marc:datafield><marc:datafield tag="610" ind1="2" ind2="0"><marc:subfield code="a">Cornell University.</marc:subfield></marc:datafield><marc:datafield tag="610" ind1="2" ind2="0"><marc:subfield code="a">Cornell University</marc:subfield><marc:subfield code="x">Faculty.</marc:subfield></marc:datafield><marc:datafield tag="610" ind1="2" ind2="0"><marc:subfield code="a">Cornell University.</marc:subfield><marc:subfield code="b">Department of Physics.</marc:subfield></marc:datafield><marc:datafield tag="610" ind1="2" ind2="0"><marc:subfield code="a">Federation of American Scientists.</marc:subfield></marc:datafield><marc:datafield tag="610" ind1="2" ind2="0"><marc:subfield code="a">U.S. Atomic Energy Commission.</marc:subfield></marc:datafield><marc:datafield tag="610" ind1="1" ind2="0"><marc:subfield code="a">United States.</marc:subfield><marc:subfield code="b">President's Science Advisory Committee.</marc:subfield></marc:datafield><marc:datafield tag="630" ind1=" " ind2="0"><marc:subfield code="a">Nobel Prize winners.</marc:subfield></marc:datafield><marc:datafield tag="650" ind1=" " ind2="0"><marc:subfield code="a">Astrophysics.</marc:subfield></marc:datafield><marc:datafield tag="650" ind1=" " ind2="0"><marc:subfield code="a">Anti-missile missiles.</marc:subfield></marc:datafield><marc:datafield tag="650" ind1=" " ind2="0"><marc:subfield code="a">Arms control.</marc:subfield></marc:datafield><marc:datafield tag="650" ind1=" " ind2="0"><marc:subfield code="a">College teachers.</marc:subfield></marc:datafield><marc:datafield tag="650" ind1=" " ind2="0"><marc:subfield code="a">Metals.</marc:subfield></marc:datafield><marc:datafield tag="650" ind1=" " ind2="0"><marc:subfield code="a">Nuclear energy.</marc:subfield></marc:datafield><marc:datafield tag="650" ind1=" " ind2="0"><marc:subfield code="a">Nuclear explosions.</marc:subfield></marc:datafield><marc:datafield tag="650" ind1=" " ind2="0"><marc:subfield code="a">Nuclear nonproliferation.</marc:subfield></marc:datafield><marc:datafield tag="650" ind1=" " ind2="0"><marc:subfield code="a">Nuclear physics</marc:subfield><marc:subfield code="x">Research.</marc:subfield></marc:datafield><marc:datafield tag="650" ind1=" " ind2="0"><marc:subfield code="a">Nuclear weapons</marc:subfield><marc:subfield code="x">Testing.</marc:subfield></marc:datafield><marc:datafield tag="650" ind1=" " ind2="0"><marc:subfield code="a">Physics</marc:subfield><marc:subfield code="x">Study and teaching.</marc:subfield></marc:datafield><marc:datafield tag="650" ind1=" " ind2="0"><marc:subfield code="a">Physicists.</marc:subfield></marc:datafield><marc:datafield tag="650" ind1=" " ind2="0"><marc:subfield code="a">Quantum theory.</marc:subfield></marc:datafield><marc:datafield tag="650" ind1=" " ind2="0"><marc:subfield code="a">Radiation.</marc:subfield></marc:datafield><marc:datafield tag="650" ind1=" " ind2="0"><marc:subfield code="a">Science and state</marc:subfield><marc:subfield code="z">United States.</marc:subfield></marc:datafield><marc:datafield tag="650" ind1=" " ind2="0"><marc:subfield code="a">Solar energy</marc:subfield><marc:subfield code="x">Research.</marc:subfield></marc:datafield><marc:datafield tag="650" ind1=" " ind2="0"><marc:subfield code="a">Strategic Defense Initiative.</marc:subfield></marc:datafield><marc:datafield tag="650" ind1=" " ind2="0"><marc:subfield code="a">Supernovae.</marc:subfield></marc:datafield><marc:datafield tag="655" ind1=" " ind2="7"><marc:subfield code="a">Reviews.</marc:subfield><marc:subfield code="2">aat</marc:subfield></marc:datafield><marc:datafield tag="600" ind1="1" ind2="7"><marc:subfield code="a">Bainbridge, Kenneth T.</marc:subfield><marc:subfield code="q">(Kenneth Tompkins),</marc:subfield><marc:subfield code="d">1904-1996</marc:subfield><marc:subfield code="2">fast</marc:subfield><marc:subfield code="0">(OCoLC)fst00462606</marc:subfield></marc:datafield><marc:datafield tag="600" ind1="1" ind2="7"><marc:subfield code="a">Bohr, Niels,</marc:subfield><marc:subfield code="d">1885-1962</marc:subfield><marc:subfield code="2">fast</marc:subfield><marc:subfield code="0">(OCoLC)fst01716682</marc:subfield></marc:datafield><marc:datafield tag="600" ind1="1" ind2="7"><marc:subfield code="a">Breit, Gregory,</marc:subfield><marc:subfield code="d">1899-1981</marc:subfield><marc:subfield code="2">fast</marc:subfield><marc:subfield code="0">(OCoLC)fst01757951</marc:subfield></marc:datafield><marc:datafield tag="600" ind1="1" ind2="7"><marc:subfield code="a">Brown, G. E.</marc:subfield><marc:subfield code="q">(Gerald Edward),</marc:subfield><marc:subfield code="d">1926-</marc:subfield><marc:subfield code="2">fast</marc:subfield><marc:subfield code="0">(OCoLC)fst00013542</marc:subfield></marc:datafield><marc:datafield tag="600" ind1="1" ind2="7"><marc:subfield code="a">Brueckner, Keith A.</marc:subfield><marc:subfield code="2">fast</marc:subfield><marc:subfield code="0">(OCoLC)fst00383048</marc:subfield></marc:datafield><marc:datafield tag="600" ind1="1" ind2="7"><marc:subfield code="a">Carruthers, Peter A.,</marc:subfield><marc:subfield code="d">1935-1997</marc:subfield><marc:subfield code="2">fast</marc:subfield><marc:subfield code="0">(OCoLC)fst01760489</marc:subfield></marc:datafield><marc:datafield tag="600" ind1="1" ind2="7"><marc:subfield code="a">Cohen, Bernard</marc:subfield><marc:subfield code="2">fast</marc:subfield><marc:subfield code="0">(OCoLC)fst00082172</marc:subfield></marc:datafield><marc:datafield tag="600" ind1="1" ind2="7"><marc:subfield code="a">Dimotakis, Paul</marc:subfield><marc:subfield code="2">fast/NIC/NAC</marc:subfield></marc:datafield><marc:datafield tag="600" ind1="1" ind2="7"><marc:subfield code="a">DuBridge, Lee A.</marc:subfield><marc:subfield code="q">(Lee Alvin),</marc:subfield><marc:subfield code="d">1901-1994</marc:subfield><marc:subfield code="2">fast</marc:subfield><marc:subfield code="0">(OCoLC)fst01728498</marc:subfield></marc:datafield><marc:datafield tag="600" ind1="1" ind2="7"><marc:subfield code="a">Ewald, Paul Peter,</marc:subfield><marc:subfield code="d">1888-1985</marc:subfield><marc:subfield code="2">fast</marc:subfield><marc:subfield code="0">(OCoLC)fst01427570</marc:subfield></marc:datafield><marc:datafield tag="600" ind1="1" ind2="7"><marc:subfield code="a">Feynman, Richard P.</marc:subfield><marc:subfield code="q">(Richard Phillips),</marc:subfield><marc:subfield code="d">1918-1988</marc:subfield><marc:subfield code="2">fast</marc:subfield><marc:subfield code="0">(OCoLC)fst01753634</marc:subfield></marc:datafield><marc:datafield tag="600" ind1="1" ind2="7"><marc:subfield code="a">Fowler, William A.</marc:subfield><marc:subfield code="2">fast</marc:subfield><marc:subfield code="0">(OCoLC)fst00071949</marc:subfield></marc:datafield><marc:datafield tag="600" ind1="1" ind2="7"><marc:subfield code="a">Gamow, George,</marc:subfield><marc:subfield code="d">1904-1968</marc:subfield><marc:subfield code="2">fast</marc:subfield><marc:subfield code="0">(OCoLC)fst00051336</marc:subfield></marc:datafield><marc:datafield tag="600" ind1="1" ind2="7"><marc:subfield code="a">Gibbs, R. C.</marc:subfield><marc:subfield code="q">(Roswell Clifton),</marc:subfield><marc:subfield code="d">1878-</marc:subfield><marc:subfield code="2">fast</marc:subfield><marc:subfield code="0">(OCoLC)fst01820490</marc:subfield></marc:datafield><marc:datafield tag="600" ind1="1" ind2="7"><marc:subfield code="a">Heisenberg, Werner,</marc:subfield><marc:subfield code="d">1901-1976</marc:subfield><marc:subfield code="2">fast</marc:subfield><marc:subfield code="0">(OCoLC)fst00009701</marc:subfield></marc:datafield><marc:datafield tag="600" ind1="1" ind2="7"><marc:subfield code="a">Kohler, Sigurd</marc:subfield><marc:subfield code="2">fast/NIC/NAC</marc:subfield></marc:datafield><marc:datafield tag="600" ind1="1" ind2="7"><marc:subfield code="a">Konopinski, Emil Jan,</marc:subfield><marc:subfield code="d">1911-</marc:subfield><marc:subfield code="2">fast</marc:subfield><marc:subfield code="0">(OCoLC)fst00053659</marc:subfield></marc:datafield><marc:datafield tag="600" ind1="1" ind2="7"><marc:subfield code="a">Langmuir, Irving,</marc:subfield><marc:subfield code="d">1881-1957</marc:subfield><marc:subfield code="2">fast</marc:subfield><marc:subfield code="0">(OCoLC)fst00123492</marc:subfield></marc:datafield><marc:datafield tag="600" ind1="1" ind2="7"><marc:subfield code="a">Lawrence, Ernest Orlando,</marc:subfield><marc:subfield code="d">1901-1958</marc:subfield><marc:subfield code="2">fast</marc:subfield><marc:subfield code="0">(OCoLC)fst00074979</marc:subfield></marc:datafield><marc:datafield tag="600" ind1="1" ind2="7"><marc:subfield code="a">Lovins, Amory B.,</marc:subfield><marc:subfield code="d">1947-</marc:subfield><marc:subfield code="2">fast</marc:subfield><marc:subfield code="0">(OCoLC)fst00037060</marc:subfield></marc:datafield><marc:datafield tag="600" ind1="1" ind2="7"><marc:subfield code="a">Mark, Carson</marc:subfield><marc:subfield code="2">fast</marc:subfield><marc:subfield code="0">(OCoLC)fst01563004</marc:subfield></marc:datafield><marc:datafield tag="600" ind1="1" ind2="7"><marc:subfield code="a">McMillan, Edwin M.</marc:subfield><marc:subfield code="q">(Edwin Mattison),</marc:subfield><marc:subfield code="d">1907-</marc:subfield><marc:subfield code="2">fast</marc:subfield><marc:subfield code="0">(OCoLC)fst00390752</marc:subfield></marc:datafield><marc:datafield tag="600" ind1="1" ind2="7"><marc:subfield code="a">McNamara, Robert S.,</marc:subfield><marc:subfield code="d">1916-2009</marc:subfield><marc:subfield code="2">fast</marc:subfield><marc:subfield code="0">(OCoLC)fst01731468</marc:subfield></marc:datafield><marc:datafield tag="600" ind1="1" ind2="7"><marc:subfield code="a">Murdock, Carleton C.</marc:subfield><marc:subfield code="q">(Carleton Chase),</marc:subfield><marc:subfield code="d">1884-</marc:subfield><marc:subfield code="2">fast</marc:subfield><marc:subfield code="0">(OCoLC)fst01836471</marc:subfield></marc:datafield><marc:datafield tag="600" ind1="1" ind2="7"><marc:subfield code="a">Negele, John W.</marc:subfield><marc:subfield code="2">fast/NIC/NAC</marc:subfield></marc:datafield><marc:datafield tag="600" ind1="1" ind2="7"><marc:subfield code="a">Nomoto, Kanʼichi,</marc:subfield><marc:subfield code="d">1937-</marc:subfield><marc:subfield code="2">fast/NIC/NAC</marc:subfield></marc:datafield><marc:datafield tag="600" ind1="1" ind2="7"><marc:subfield code="a">Nordheim, Lothar,</marc:subfield><marc:subfield code="d">1899-</marc:subfield><marc:subfield code="2">fast</marc:subfield><marc:subfield code="0">(OCoLC)fst01563005</marc:subfield></marc:datafield><marc:datafield tag="600" ind1="1" ind2="7"><marc:subfield code="a">Oppenheimer, J. Robert,</marc:subfield><marc:subfield code="d">1904-1967</marc:subfield><marc:subfield code="2">fast</marc:subfield><marc:subfield code="0">(OCoLC)fst00001453</marc:subfield></marc:datafield><marc:datafield tag="600" ind1="1" ind2="7"><marc:subfield code="a">Pegram, George Braxton,</marc:subfield><marc:subfield code="d">1876-1958</marc:subfield><marc:subfield code="2">fast</marc:subfield><marc:subfield code="0">(OCoLC)fst00252334</marc:subfield></marc:datafield><marc:datafield tag="600" ind1="1" ind2="7"><marc:subfield code="a">Peierls, Rudolf E.</marc:subfield><marc:subfield code="q">(Rudolf Ernst),</marc:subfield><marc:subfield code="d">1907-1995</marc:subfield><marc:subfield code="2">fast</marc:subfield><marc:subfield code="0">(OCoLC)fst01734798</marc:subfield></marc:datafield><marc:datafield tag="600" ind1="1" ind2="7"><marc:subfield code="a">Rabi, I. I.</marc:subfield><marc:subfield code="q">(Isidor Isaac),</marc:subfield><marc:subfield code="d">1898-1988</marc:subfield><marc:subfield code="2">fast</marc:subfield><marc:subfield code="0">(OCoLC)fst00017697</marc:subfield></marc:datafield><marc:datafield tag="600" ind1="1" ind2="7"><marc:subfield code="a">Rose, Morris Edgar,</marc:subfield><marc:subfield code="d">1911-</marc:subfield><marc:subfield code="2">fast</marc:subfield><marc:subfield code="0">(OCoLC)fst01462348</marc:subfield></marc:datafield><marc:datafield tag="600" ind1=" " ind2="7"><marc:subfield code="a">Rossi, Bruno,</marc:subfield><marc:subfield code="d">1905-1993</marc:subfield><marc:subfield code="2">fast</marc:subfield><marc:subfield code="0">(OCoLC)fst00016906</marc:subfield></marc:datafield><marc:datafield tag="600" ind1="1" ind2="7"><marc:subfield code="a">Salpeter, Edwin E.</marc:subfield><marc:subfield code="2">fast</marc:subfield><marc:subfield code="0">(OCoLC)fst01459832</marc:subfield></marc:datafield><marc:datafield tag="600" ind1="1" ind2="7"><marc:subfield code="a">Schweber, S. S.</marc:subfield><marc:subfield code="q">(Silvan S.)</marc:subfield><marc:subfield code="2">fast/NIC/NAC</marc:subfield></marc:datafield><marc:datafield tag="600" ind1="1" ind2="7"><marc:subfield code="a">Shapley, Harlow,</marc:subfield><marc:subfield code="d">1885-1972</marc:subfield><marc:subfield code="2">fast</marc:subfield><marc:subfield code="0">(OCoLC)fst00007259</marc:subfield></marc:datafield><marc:datafield tag="600" ind1="1" ind2="7"><marc:subfield code="a">Sommerfeld, Arnold,</marc:subfield><marc:subfield code="d">1868-1951</marc:subfield><marc:subfield code="2">fast</marc:subfield><marc:subfield code="0">(OCoLC)fst00143883</marc:subfield></marc:datafield><marc:datafield tag="600" ind1="1" ind2="7"><marc:subfield code="a">Sudoplatov, Pavel,</marc:subfield><marc:subfield code="d">1907-1996</marc:subfield><marc:subfield code="2">fast</marc:subfield><marc:subfield code="0">(OCoLC)fst00340151</marc:subfield></marc:datafield><marc:datafield tag="600" ind1="1" ind2="7"><marc:subfield code="a">Teller, Edward,</marc:subfield><marc:subfield code="d">1908-2003</marc:subfield><marc:subfield code="2">fast</marc:subfield><marc:subfield code="0">(OCoLC)fst00031911</marc:subfield></marc:datafield><marc:datafield tag="600" ind1="1" ind2="7"><marc:subfield code="a">Weisskopf, Victor Frederick,</marc:subfield><marc:subfield code="d">1908-2002</marc:subfield><marc:subfield code="2">fast</marc:subfield><marc:subfield code="0">(OCoLC)fst00045193</marc:subfield></marc:datafield><marc:datafield tag="600" ind1="1" ind2="7"><marc:subfield code="a">Wigner, Eugene Paul,</marc:subfield><marc:subfield code="d">1902-1995</marc:subfield><marc:subfield code="2">fast</marc:subfield><marc:subfield code="0">(OCoLC)fst01433226</marc:subfield></marc:datafield><marc:datafield tag="600" ind1="1" ind2="7"><marc:subfield code="a">Wilson, Robert R.,</marc:subfield><marc:subfield code="d">1914-2000</marc:subfield><marc:subfield code="2">fast</marc:subfield><marc:subfield code="0">(OCoLC)fst01760066</marc:subfield></marc:datafield><marc:datafield tag="600" ind1="1" ind2="7"><marc:subfield code="a">Woosley, Stanford E.</marc:subfield><marc:subfield code="2">fast/NIC/NAC</marc:subfield></marc:datafield><marc:datafield tag="610" ind1="2" ind2="7"><marc:subfield code="a">Americans for Energy Independence</marc:subfield><marc:subfield code="2">fast</marc:subfield><marc:subfield code="0">(OCoLC)fst00534785</marc:subfield></marc:datafield><marc:datafield tag="610" ind1="2" ind2="7"><marc:subfield code="a">Cornell University</marc:subfield><marc:subfield code="2">fast</marc:subfield><marc:subfield code="0">(OCoLC)fst00530369</marc:subfield></marc:datafield><marc:datafield tag="610" ind1="2" ind2="7"><marc:subfield code="a">Cornell University.</marc:subfield><marc:subfield code="b">Department of Physics</marc:subfield><marc:subfield code="2">fast</marc:subfield><marc:subfield code="0">(OCoLC)fst01813942</marc:subfield></marc:datafield><marc:datafield tag="610" ind1="2" ind2="7"><marc:subfield code="a">Federation of American Scientists</marc:subfield><marc:subfield code="2">fast</marc:subfield><marc:subfield code="0">(OCoLC)fst00578311</marc:subfield></marc:datafield><marc:datafield tag="610" ind1="2" ind2="7"><marc:subfield code="a">U.S. Atomic Energy Commission</marc:subfield><marc:subfield code="2">fast</marc:subfield><marc:subfield code="0">(OCoLC)fst00525928</marc:subfield></marc:datafield><marc:datafield tag="610" ind1="1" ind2="7"><marc:subfield code="a">United States.</marc:subfield><marc:subfield code="b">President's Science Advisory Committee</marc:subfield><marc:subfield code="2">fast</marc:subfield><marc:subfield code="0">(OCoLC)fst00517678</marc:subfield></marc:datafield><marc:datafield tag="630" ind1=" " ind2="7"><marc:subfield code="a">Nobel Prize winners (Title)</marc:subfield><marc:subfield code="2">fast</marc:subfield><marc:subfield code="0">(OCoLC)fst01796871</marc:subfield></marc:datafield><marc:datafield tag="650" ind1=" " ind2="7"><marc:subfield code="a">Arms control</marc:subfield><marc:subfield code="2">fast</marc:subfield><marc:subfield code="0">(OCoLC)fst00814908</marc:subfield></marc:datafield><marc:datafield tag="650" ind1=" " ind2="7"><marc:subfield code="a">Astrophysics</marc:subfield><marc:subfield code="2">fast</marc:subfield><marc:subfield code="0">(OCoLC)fst00819797</marc:subfield></marc:datafield><marc:datafield tag="650" ind1=" " ind2="7"><marc:subfield code="a">College teachers</marc:subfield><marc:subfield code="2">fast</marc:subfield><marc:subfield code="0">(OCoLC)fst00868114</marc:subfield></marc:datafield><marc:datafield tag="650" ind1=" " ind2="7"><marc:subfield code="a">Metals</marc:subfield><marc:subfield code="2">fast</marc:subfield><marc:subfield code="0">(OCoLC)fst01018047</marc:subfield></marc:datafield><marc:datafield tag="650" ind1=" " ind2="7"><marc:subfield code="a">Nuclear energy</marc:subfield><marc:subfield code="2">fast</marc:subfield><marc:subfield code="0">(OCoLC)fst01039951</marc:subfield></marc:datafield><marc:datafield tag="650" ind1=" " ind2="7"><marc:subfield code="a">Nuclear explosions</marc:subfield><marc:subfield code="2">fast</marc:subfield><marc:subfield code="0">(OCoLC)fst01040084</marc:subfield></marc:datafield><marc:datafield tag="650" ind1=" " ind2="7"><marc:subfield code="a">Nuclear nonproliferation</marc:subfield><marc:subfield code="2">fast</marc:subfield><marc:subfield code="0">(OCoLC)fst01040376</marc:subfield></marc:datafield><marc:datafield tag="650" ind1=" " ind2="7"><marc:subfield code="a">Nuclear physics</marc:subfield><marc:subfield code="x">Research</marc:subfield><marc:subfield code="2">fast</marc:subfield><marc:subfield code="0">(OCoLC)fst01040411</marc:subfield></marc:datafield><marc:datafield tag="650" ind1=" " ind2="7"><marc:subfield code="a">Nuclear weapons</marc:subfield><marc:subfield code="x">Testing</marc:subfield><marc:subfield code="2">fast</marc:subfield><marc:subfield code="0">(OCoLC)fst01041006</marc:subfield></marc:datafield><marc:datafield tag="650" ind1=" " ind2="7"><marc:subfield code="a">Physicists</marc:subfield><marc:subfield code="2">fast</marc:subfield><marc:subfield code="0">(OCoLC)fst01063014</marc:subfield></marc:datafield><marc:datafield tag="650" ind1=" " ind2="7"><marc:subfield code="a">Physics</marc:subfield><marc:subfield code="x">Study and teaching</marc:subfield><marc:subfield code="2">fast</marc:subfield><marc:subfield code="0">(OCoLC)fst01063108</marc:subfield></marc:datafield><marc:datafield tag="650" ind1=" " ind2="7"><marc:subfield code="a">Quantum theory</marc:subfield><marc:subfield code="2">fast</marc:subfield><marc:subfield code="0">(OCoLC)fst01085128</marc:subfield></marc:datafield><marc:datafield tag="650" ind1=" " ind2="7"><marc:subfield code="a">Radiation</marc:subfield><marc:subfield code="2">fast</marc:subfield><marc:subfield code="0">(OCoLC)fst01086839</marc:subfield></marc:datafield><marc:datafield tag="650" ind1=" " ind2="7"><marc:subfield code="a">Science and state</marc:subfield><marc:subfield code="2">fast</marc:subfield><marc:subfield code="0">(OCoLC)fst01108536</marc:subfield></marc:datafield><marc:datafield tag="650" ind1=" " ind2="7"><marc:subfield code="a">Solar energy</marc:subfield><marc:subfield code="x">Research</marc:subfield><marc:subfield code="2">fast</marc:subfield><marc:subfield code="0">(OCoLC)fst01125027</marc:subfield></marc:datafield><marc:datafield tag="650" ind1=" " ind2="7"><marc:subfield code="a">Strategic Defense Initiative</marc:subfield><marc:subfield code="2">fast</marc:subfield><marc:subfield code="0">(OCoLC)fst01134336</marc:subfield></marc:datafield><marc:datafield tag="650" ind1=" " ind2="7"><marc:subfield code="a">Supernovae</marc:subfield><marc:subfield code="2">fast</marc:subfield><marc:subfield code="0">(OCoLC)fst01138973</marc:subfield></marc:datafield><marc:datafield tag="650" ind1=" " ind2="7"><marc:subfield code="a">Universities and colleges</marc:subfield><marc:subfield code="x">Faculty</marc:subfield><marc:subfield code="2">fast</marc:subfield><marc:subfield code="0">(OCoLC)fst01161748</marc:subfield></marc:datafield><marc:datafield tag="651" ind1=" " ind2="7"><marc:subfield code="a">United States</marc:subfield><marc:subfield code="2">fast</marc:subfield><marc:subfield code="0">(OCoLC)fst01204155</marc:subfield></marc:datafield><marc:datafield tag="730" ind1="0" ind2="2"><marc:subfield code="a">Hans Bethe: celebrating &quot;an exemplary life.&quot;</marc:subfield></marc:datafield><marc:datafield tag="856" ind1="4" ind2="2"><marc:subfield code="3">Finding aid</marc:subfield><marc:subfield code="u">http://resolver.library.cornell.edu/cgi-bin/EADresolver?id=RMA00976</marc:subfield></marc:datafield><marc:datafield tag="856" ind1="4" ind2="2"><marc:subfield code="3">Electronic resources/ related resources</marc:subfield><marc:subfield code="u">http://ecommons.library.cornell.edu/handle/1813/14146</marc:subfield></marc:datafield><marc:datafield tag="948" ind1="3" ind2=" "><marc:subfield code="a">20070525</marc:subfield><marc:subfield code="h">RLINAMC</marc:subfield><marc:subfield code="i">RLINAMC1.mrc</marc:subfield></marc:datafield><marc:datafield tag="948" ind1="2" ind2=" "><marc:subfield code="a">20130123</marc:subfield><marc:subfield code="b">m</marc:subfield><marc:subfield code="d">jtc46</marc:subfield><marc:subfield code="e">rmc</marc:subfield></marc:datafield><marc:datafield tag="948" ind1="2" ind2=" "><marc:subfield code="a">20141130</marc:subfield><marc:subfield code="b">m</marc:subfield><marc:subfield code="d">batch</marc:subfield><marc:subfield code="e">lts</marc:subfield><marc:subfield code="x">addfast</marc:subfield></marc:datafield><marc:datafield tag="948" ind1="2" ind2=" "><marc:subfield code="a">20160228</marc:subfield><marc:subfield code="b">m</marc:subfield><marc:subfield code="d">batch</marc:subfield><marc:subfield code="e">lts</marc:subfield></marc:datafield><marc:datafield tag="948" ind1="3" ind2=" "><marc:subfield code="a">20160228</marc:subfield><marc:subfield code="h">Fast_updates</marc:subfield><marc:subfield code="i">FASTChangeReport2016-01-14.txt</marc:subfield></marc:datafield></marc:record>