
<marc:record><marc:leader>01385cam a2200349 i 4500</marc:leader>
<marc:controlfield tag="001">2879909</marc:controlfield>
<marc:controlfield tag="005">20141212013146.0</marc:controlfield><marc:controlfield tag="008">761018s1974    enk           000 0 eng  </marc:controlfield><marc:datafield tag="010" ind1=" " ind2=" "><marc:subfield code="a">   76361441  </marc:subfield></marc:datafield><marc:datafield tag="015" ind1=" " ind2=" "><marc:subfield code="a">GB***</marc:subfield></marc:datafield><marc:datafield tag="020" ind1=" " ind2=" "><marc:subfield code="a">0246108274 :</marc:subfield><marc:subfield code="c">£0.75</marc:subfield></marc:datafield><marc:datafield tag="035" ind1=" " ind2=" "><marc:subfield code="a">(CStRLIN)NYCXRLA74772B</marc:subfield></marc:datafield><marc:datafield tag="035" ind1=" " ind2=" "><marc:subfield code="a">(NIC)notisAPD0969</marc:subfield></marc:datafield><marc:datafield tag="035" ind1=" " ind2=" "><marc:subfield code="a">(OCoLC)2931521</marc:subfield></marc:datafield><marc:datafield tag="035" ind1=" " ind2=" "><marc:subfield code="a">2879909</marc:subfield></marc:datafield><marc:datafield tag="040" ind1=" " ind2=" "><marc:subfield code="a">DLC</marc:subfield><marc:subfield code="c">DLC</marc:subfield><marc:subfield code="d">DLC</marc:subfield><marc:subfield code="d">UPRA</marc:subfield><marc:subfield code="d">NIC</marc:subfield></marc:datafield><marc:datafield tag="050" ind1="0" ind2="0"><marc:subfield code="a">Z657</marc:subfield><marc:subfield code="b">.F854</marc:subfield></marc:datafield><marc:datafield tag="082" ind1="0" ind2="0"><marc:subfield code="a">323.44/5</marc:subfield></marc:datafield><marc:datafield tag="245" ind1="0" ind2="4"><marc:subfield code="a">The Freedom of the press :</marc:subfield><marc:subfield code="b">The half-free press /</marc:subfield><marc:subfield code="c">by Harold Evans ; Government and the media by Lord Windlesham ; The freedom of the American press / by Katharine Graham ; with an introd. by the chairman, Sir William Haley.</marc:subfield></marc:datafield><marc:datafield tag="260" ind1=" " ind2=" "><marc:subfield code="a">London :</marc:subfield><marc:subfield code="b">Hart-Davis MacGibbon,</marc:subfield><marc:subfield code="c">1974.</marc:subfield></marc:datafield><marc:datafield tag="300" ind1=" " ind2=" "><marc:subfield code="a">94 p. ;</marc:subfield><marc:subfield code="c">18 cm.</marc:subfield></marc:datafield><marc:datafield tag="440" ind1=" " ind2="4"><marc:subfield code="a">The Granada Guildhall lectures ;</marc:subfield><marc:subfield code="v">1974</marc:subfield></marc:datafield><marc:datafield tag="650" ind1=" " ind2="0"><marc:subfield code="a">Freedom of the press.</marc:subfield></marc:datafield><marc:datafield tag="650" ind1=" " ind2="0"><marc:subfield code="a">Government and the press.</marc:subfield></marc:datafield><marc:datafield tag="650" ind1=" " ind2="7"><marc:subfield code="a">Freedom of the press</marc:subfield><marc:subfield code="2">fast</marc:subfield><marc:subfield code="0">(OCoLC)fst00934063</marc:subfield></marc:datafield><marc:datafield tag="650" ind1=" " ind2="7"><marc:subfield code="a">Government and the press</marc:subfield><marc:subfield code="2">fast</marc:subfield><marc:subfield code="0">(OCoLC)fst00945183</marc:subfield></marc:datafield><marc:datafield tag="700" ind1="1" ind2="2"><marc:subfield code="a">Evans, Harold,</marc:subfield><marc:subfield code="d">1928-</marc:subfield><marc:subfield code="t">Half-free press.</marc:subfield></marc:datafield><marc:datafield tag="700" ind1="1" ind2="2"><marc:subfield code="a">Windlesham, David James George Hennessy,</marc:subfield><marc:subfield code="c">Baron,</marc:subfield><marc:subfield code="d">1932-2010.</marc:subfield><marc:subfield code="t">Government and the media.</marc:subfield></marc:datafield><marc:datafield tag="700" ind1="1" ind2="2"><marc:subfield code="a">Graham, Katharine,</marc:subfield><marc:subfield code="d">1917-2001.</marc:subfield><marc:subfield code="t">Freedom of the American press.</marc:subfield></marc:datafield><marc:datafield tag="905" ind1=" " ind2=" "><marc:subfield code="a">19961122120000.0</marc:subfield></marc:datafield><marc:datafield tag="948" ind1="2" ind2=" "><marc:subfield code="a">20141211</marc:subfield><marc:subfield code="b">m</marc:subfield><marc:subfield code="d">batch</marc:subfield><marc:subfield code="e">lts</marc:subfield><marc:subfield code="x">addfast</marc:subfield></marc:datafield><marc:datafield tag="950" ind1=" " ind2=" "><marc:subfield code="l">LAW</marc:subfield><marc:subfield code="a">Z657</marc:subfield><marc:subfield code="b">.F85</marc:subfield></marc:datafield></marc:record>