
<marc:record><marc:leader>03102cgm a2200685Ia 4500</marc:leader>
<marc:controlfield tag="001">4309847</marc:controlfield>
<marc:controlfield tag="005">20141226165843.0</marc:controlfield><marc:controlfield tag="007">vd cvaizq</marc:controlfield><marc:controlfield tag="008">991020p19991997xxu137 e          vleng d</marc:controlfield><marc:datafield tag="020" ind1=" " ind2=" "><marc:subfield code="a">1573627046</marc:subfield></marc:datafield><marc:datafield tag="024" ind1="1" ind2=" "><marc:subfield code="a">031398719335</marc:subfield></marc:datafield><marc:datafield tag="028" ind1="4" ind2="2"><marc:subfield code="a">VM#7193D</marc:subfield><marc:subfield code="b">Trimark Home Video</marc:subfield></marc:datafield><marc:datafield tag="035" ind1=" " ind2=" "><marc:subfield code="a">(OCoLC)42670755</marc:subfield></marc:datafield><marc:datafield tag="035" ind1=" " ind2=" "><marc:subfield code="a">4309847</marc:subfield></marc:datafield><marc:datafield tag="040" ind1=" " ind2=" "><marc:subfield code="a">WCM</marc:subfield><marc:subfield code="c">WCM</marc:subfield><marc:subfield code="d">NIC</marc:subfield></marc:datafield><marc:datafield tag="041" ind1="1" ind2=" "><marc:subfield code="a">eng</marc:subfield><marc:subfield code="b">engfrespa</marc:subfield></marc:datafield><marc:datafield tag="050" ind1=" " ind2="4"><marc:subfield code="a">PN1997</marc:subfield><marc:subfield code="b">.L645 1998</marc:subfield></marc:datafield><marc:datafield tag="130" ind1=" " ind2="0"><marc:subfield code="a">Lolita (Motion picture: 1997)</marc:subfield></marc:datafield><marc:datafield tag="245" ind1="0" ind2="0"><marc:subfield code="a">Lolita</marc:subfield><marc:subfield code="h">[videorecording] /</marc:subfield><marc:subfield code="c">Trimark Pictures ; Mario Kassar presents a Showtime release, a Pathé production, a film by Adrian Lyne ; screenplay by Stephen Schiff ; produced by Mario Kassar and Joel B. Michaels ; directed by Adrian Lyne.</marc:subfield></marc:datafield><marc:datafield tag="260" ind1=" " ind2=" "><marc:subfield code="a">[S.l.] :</marc:subfield><marc:subfield code="b">Trimark Home Video,</marc:subfield><marc:subfield code="c">c1999.</marc:subfield></marc:datafield><marc:datafield tag="300" ind1=" " ind2=" "><marc:subfield code="a">1 videodisc (ca. 137 min.) :</marc:subfield><marc:subfield code="b">sd., col. ;</marc:subfield><marc:subfield code="c">4 3/4 in.</marc:subfield></marc:datafield><marc:datafield tag="538" ind1=" " ind2=" "><marc:subfield code="a">DVD.</marc:subfield></marc:datafield><marc:datafield tag="546" ind1=" " ind2=" "><marc:subfield code="a">Closed-captioned for the hearing impaired.</marc:subfield></marc:datafield><marc:datafield tag="546" ind1=" " ind2=" "><marc:subfield code="a">In English with English, French and Spanish subtitles.</marc:subfield></marc:datafield><marc:datafield tag="511" ind1="1" ind2=" "><marc:subfield code="a">Jeremy Irons, Melanie Griffith, Frank Langella, Dominique Swain.</marc:subfield></marc:datafield><marc:datafield tag="508" ind1=" " ind2=" "><marc:subfield code="a">Director of photography, Howard Atherton ; editors, Julie Monroe, David Brenner ; music, Ennio Morricone.</marc:subfield></marc:datafield><marc:datafield tag="500" ind1=" " ind2=" "><marc:subfield code="a">Special features include: widescreen presentation; 5.1 Dolby digital sound; commentary by the director; casting session with Jeremy Irons and Dominique Swain; &quot;on the set&quot; special; never-before-seen footage; cast and crew bios; trailer.</marc:subfield></marc:datafield><marc:datafield tag="500" ind1=" " ind2=" "><marc:subfield code="a">Based on the novel of the same title by Vladimir Nabokov.</marc:subfield></marc:datafield><marc:datafield tag="500" ind1=" " ind2=" "><marc:subfield code="a">Originally released as a motion picture in 1997.</marc:subfield></marc:datafield><marc:datafield tag="521" ind1="8" ind2=" "><marc:subfield code="a">MPAA rating: R.</marc:subfield></marc:datafield><marc:datafield tag="520" ind1=" " ind2=" "><marc:subfield code="a">A middle-aged man marries an oppressive widow in order to be near and carry on an affair with her nymphet daughter.</marc:subfield></marc:datafield><marc:datafield tag="600" ind1="1" ind2="0"><marc:subfield code="a">Nabokov, Vladimir Vladimirovich,</marc:subfield><marc:subfield code="d">1899-1977</marc:subfield><marc:subfield code="x">Film and video adaptations.</marc:subfield></marc:datafield><marc:datafield tag="650" ind1=" " ind2="0"><marc:subfield code="a">Middle aged men</marc:subfield><marc:subfield code="v">Drama.</marc:subfield></marc:datafield><marc:datafield tag="650" ind1=" " ind2="0"><marc:subfield code="a">Feature films.</marc:subfield></marc:datafield><marc:datafield tag="650" ind1=" " ind2="0"><marc:subfield code="a">Films for the hearing impaired.</marc:subfield></marc:datafield><marc:datafield tag="600" ind1="1" ind2="7"><marc:subfield code="a">Nabokov, Vladimir Vladimirovich,</marc:subfield><marc:subfield code="d">1899-1977</marc:subfield><marc:subfield code="2">fast</marc:subfield><marc:subfield code="0">(OCoLC)fst00067658</marc:subfield></marc:datafield><marc:datafield tag="650" ind1=" " ind2="7"><marc:subfield code="a">Feature films</marc:subfield><marc:subfield code="2">fast</marc:subfield><marc:subfield code="0">(OCoLC)fst00922105</marc:subfield></marc:datafield><marc:datafield tag="650" ind1=" " ind2="7"><marc:subfield code="a">Films for the hearing impaired</marc:subfield><marc:subfield code="2">fast</marc:subfield><marc:subfield code="0">(OCoLC)fst00924314</marc:subfield></marc:datafield><marc:datafield tag="650" ind1=" " ind2="7"><marc:subfield code="a">Middle-aged men</marc:subfield><marc:subfield code="2">fast</marc:subfield><marc:subfield code="0">(OCoLC)fst01020373</marc:subfield></marc:datafield><marc:datafield tag="655" ind1=" " ind2="7"><marc:subfield code="a">Drama</marc:subfield><marc:subfield code="2">fast</marc:subfield><marc:subfield code="0">(OCoLC)fst01423879</marc:subfield></marc:datafield><marc:datafield tag="655" ind1=" " ind2="7"><marc:subfield code="a">Film and video adaptations</marc:subfield><marc:subfield code="2">fast</marc:subfield><marc:subfield code="0">(OCoLC)fst01423911</marc:subfield></marc:datafield><marc:datafield tag="700" ind1="1" ind2=" "><marc:subfield code="a">Lyne, Adrian.</marc:subfield></marc:datafield><marc:datafield tag="700" ind1="1" ind2=" "><marc:subfield code="a">Kassar, Mario.</marc:subfield></marc:datafield><marc:datafield tag="700" ind1="1" ind2=" "><marc:subfield code="a">Michaels, Joel B.</marc:subfield></marc:datafield><marc:datafield tag="700" ind1="1" ind2=" "><marc:subfield code="a">Schiff, Stephen.</marc:subfield></marc:datafield><marc:datafield tag="700" ind1="1" ind2=" "><marc:subfield code="a">Irons, Jeremy,</marc:subfield><marc:subfield code="d">1948-</marc:subfield></marc:datafield><marc:datafield tag="700" ind1="1" ind2=" "><marc:subfield code="a">Griffith, Melanie,</marc:subfield><marc:subfield code="d">1957-</marc:subfield></marc:datafield><marc:datafield tag="700" ind1="1" ind2=" "><marc:subfield code="a">Langella, Frank.</marc:subfield></marc:datafield><marc:datafield tag="700" ind1="1" ind2=" "><marc:subfield code="a">Swain, Dominique,</marc:subfield><marc:subfield code="d">1980-</marc:subfield></marc:datafield><marc:datafield tag="700" ind1="1" ind2=" "><marc:subfield code="a">Nabokov, Vladimir Vladimirovich,</marc:subfield><marc:subfield code="d">1899-1977.</marc:subfield><marc:subfield code="t">Lolita.</marc:subfield></marc:datafield><marc:datafield tag="710" ind1="2" ind2=" "><marc:subfield code="a">Trimark Pictures.</marc:subfield></marc:datafield><marc:datafield tag="710" ind1="2" ind2=" "><marc:subfield code="a">Showtime Networks.</marc:subfield></marc:datafield><marc:datafield tag="710" ind1="2" ind2=" "><marc:subfield code="a">Pathé cinéma (France)</marc:subfield></marc:datafield><marc:datafield tag="710" ind1="2" ind2=" "><marc:subfield code="a">Trimark Home Video (Firm)</marc:subfield></marc:datafield><marc:datafield tag="948" ind1="1" ind2=" "><marc:subfield code="a">20020727</marc:subfield><marc:subfield code="b">c</marc:subfield><marc:subfield code="d">gln1</marc:subfield><marc:subfield code="e">lts</marc:subfield><marc:subfield code="f">?</marc:subfield></marc:datafield><marc:datafield tag="948" ind1="2" ind2=" "><marc:subfield code="a">20061010</marc:subfield><marc:subfield code="b">w</marc:subfield><marc:subfield code="d">cac2</marc:subfield><marc:subfield code="e">lts</marc:subfield></marc:datafield><marc:datafield tag="948" ind1="2" ind2=" "><marc:subfield code="a">20100314</marc:subfield><marc:subfield code="b">a</marc:subfield><marc:subfield code="d">gln1</marc:subfield><marc:subfield code="e">lts</marc:subfield><marc:subfield code="f">?</marc:subfield></marc:datafield><marc:datafield tag="948" ind1="1" ind2=" "><marc:subfield code="a">20100623</marc:subfield><marc:subfield code="b">s</marc:subfield><marc:subfield code="d">nv19</marc:subfield><marc:subfield code="e">lts</marc:subfield><marc:subfield code="x">addcatstat</marc:subfield></marc:datafield><marc:datafield tag="948" ind1="2" ind2=" "><marc:subfield code="a">20120808</marc:subfield><marc:subfield code="b">m</marc:subfield><marc:subfield code="d">cac2</marc:subfield><marc:subfield code="e">lts</marc:subfield></marc:datafield><marc:datafield tag="948" ind1="2" ind2=" "><marc:subfield code="a">20141226</marc:subfield><marc:subfield code="b">m</marc:subfield><marc:subfield code="d">batch</marc:subfield><marc:subfield code="e">lts</marc:subfield><marc:subfield code="x">addfast</marc:subfield></marc:datafield></marc:record>