
<marc:record><marc:leader>01868cem a2200373Ia 4500</marc:leader>
<marc:controlfield tag="001">5063103</marc:controlfield>
<marc:controlfield tag="005">20151219195157.0</marc:controlfield><marc:controlfield tag="007">aj canzn</marc:controlfield><marc:controlfield tag="008">981105s1961    dcubg  cp a     0   eng d</marc:controlfield><marc:datafield tag="034" ind1="1" ind2=" "><marc:subfield code="a">a</marc:subfield><marc:subfield code="b">1782000</marc:subfield><marc:subfield code="d">W0940000</marc:subfield><marc:subfield code="e">W0760000</marc:subfield><marc:subfield code="f">N0400000</marc:subfield><marc:subfield code="g">N0300000</marc:subfield></marc:datafield><marc:datafield tag="035" ind1=" " ind2=" "><marc:subfield code="a">5063103</marc:subfield></marc:datafield><marc:datafield tag="035" ind1=" " ind2=" "><marc:subfield code="a">(OCoLC)40247985</marc:subfield></marc:datafield><marc:datafield tag="040" ind1=" " ind2=" "><marc:subfield code="a">UIU</marc:subfield><marc:subfield code="c">UIU</marc:subfield><marc:subfield code="d">OCL</marc:subfield><marc:subfield code="d">NIC</marc:subfield></marc:datafield><marc:datafield tag="052" ind1=" " ind2=" "><marc:subfield code="a">3701</marc:subfield></marc:datafield><marc:datafield tag="110" ind1="2" ind2=" "><marc:subfield code="a">National Geographic Society (U.S.).</marc:subfield><marc:subfield code="b">Cartographic Division.</marc:subfield></marc:datafield><marc:datafield tag="245" ind1="1" ind2="0"><marc:subfield code="a">Battlefields of the Civil War with descriptive notes</marc:subfield><marc:subfield code="h">[cartographic material] /</marc:subfield><marc:subfield code="c">compiled and drawn in the Cartographic Division of the National Geographic Society for the National Geographic Magazine ; Melville Bell Grosvenor, editor ; James M. Darley, chief cartographer.</marc:subfield></marc:datafield><marc:datafield tag="255" ind1=" " ind2=" "><marc:subfield code="a">Scale 1:1,782,200. 1 in. to 28.1 miles ;</marc:subfield><marc:subfield code="b">polyconic proj.</marc:subfield><marc:subfield code="c">(W 94⁰--W 76⁰/N 40⁰--N 30⁰).</marc:subfield></marc:datafield><marc:datafield tag="260" ind1=" " ind2=" "><marc:subfield code="a">Washington :</marc:subfield><marc:subfield code="b">The Society,</marc:subfield><marc:subfield code="c">1961.</marc:subfield></marc:datafield><marc:datafield tag="300" ind1=" " ind2=" "><marc:subfield code="a">1 map :</marc:subfield><marc:subfield code="b">col. ;</marc:subfield><marc:subfield code="c">79 x 103 cm.</marc:subfield></marc:datafield><marc:datafield tag="500" ind1=" " ind2=" "><marc:subfield code="a">Relief shown by shading and spot heights.</marc:subfield></marc:datafield><marc:datafield tag="500" ind1=" " ind2=" "><marc:subfield code="a">Inset: Major offensives.</marc:subfield></marc:datafield><marc:datafield tag="500" ind1=" " ind2=" "><marc:subfield code="a">On verso: A. War in the Southwest -- B. Vicksburg Campaign -- C. Battles for Atlanta -- D. Memphis to Huntsville -- E. Nashville to Atlanta -- F. Cockpit of the Civil War -- G. Grant at Richmond -- H. Gettysburg -- J. Charleston Harbor -- K. Fort Sumner.</marc:subfield></marc:datafield><marc:datafield tag="651" ind1=" " ind2="0"><marc:subfield code="a">United States</marc:subfield><marc:subfield code="x">History</marc:subfield><marc:subfield code="y">Civil War, 1861-1865</marc:subfield><marc:subfield code="v">Maps.</marc:subfield></marc:datafield><marc:datafield tag="611" ind1="2" ind2="7"><marc:subfield code="a">American Civil War (1861-1865)</marc:subfield><marc:subfield code="2">fast</marc:subfield><marc:subfield code="0">(OCoLC)fst01351658</marc:subfield></marc:datafield><marc:datafield tag="648" ind1=" " ind2="7"><marc:subfield code="a">1861 - 1865</marc:subfield><marc:subfield code="2">fast</marc:subfield></marc:datafield><marc:datafield tag="651" ind1=" " ind2="7"><marc:subfield code="a">United States</marc:subfield><marc:subfield code="2">fast</marc:subfield><marc:subfield code="0">(OCoLC)fst01204155</marc:subfield></marc:datafield><marc:datafield tag="655" ind1=" " ind2="7"><marc:subfield code="a">History</marc:subfield><marc:subfield code="2">fast</marc:subfield><marc:subfield code="0">(OCoLC)fst01411628</marc:subfield></marc:datafield><marc:datafield tag="655" ind1=" " ind2="7"><marc:subfield code="a">Maps</marc:subfield><marc:subfield code="2">fast</marc:subfield><marc:subfield code="0">(OCoLC)fst01423704</marc:subfield></marc:datafield><marc:datafield tag="700" ind1="1" ind2=" "><marc:subfield code="a">Darley, James M.</marc:subfield><marc:subfield code="q">(James Morrison)</marc:subfield></marc:datafield><marc:datafield tag="740" ind1="0" ind2=" "><marc:subfield code="a">Civil War.</marc:subfield></marc:datafield><marc:datafield tag="948" ind1="2" ind2=" "><marc:subfield code="a">20040429</marc:subfield><marc:subfield code="b">x</marc:subfield><marc:subfield code="d">batch</marc:subfield><marc:subfield code="e">lts</marc:subfield></marc:datafield><marc:datafield tag="948" ind1="3" ind2=" "><marc:subfield code="a">20040429</marc:subfield><marc:subfield code="h">recon1</marc:subfield><marc:subfield code="i">edx.mars.coo.ftp.v04m04.cc.bib</marc:subfield></marc:datafield><marc:datafield tag="948" ind1="2" ind2=" "><marc:subfield code="a">20141228</marc:subfield><marc:subfield code="b">m</marc:subfield><marc:subfield code="d">batch</marc:subfield><marc:subfield code="e">lts</marc:subfield><marc:subfield code="x">addfast</marc:subfield></marc:datafield><marc:datafield tag="950" ind1=" " ind2=" "><marc:subfield code="a">G3701.S5 1961</marc:subfield><marc:subfield code="b">.N38</marc:subfield></marc:datafield></marc:record>