
<marc:record><marc:leader>02674cam a22003854a 4500</marc:leader>
<marc:controlfield tag="001">6686214</marc:controlfield>
<marc:controlfield tag="005">20141231110816.0</marc:controlfield><marc:controlfield tag="008">090130s2010    enka     b    011 0 eng  </marc:controlfield><marc:datafield tag="010" ind1=" " ind2=" "><marc:subfield code="a">  2009002259</marc:subfield></marc:datafield><marc:datafield tag="020" ind1=" " ind2=" "><marc:subfield code="a">9781841696928 (hardback)</marc:subfield></marc:datafield><marc:datafield tag="020" ind1=" " ind2=" "><marc:subfield code="a">1841696927 (hardback)</marc:subfield></marc:datafield><marc:datafield tag="029" ind1="1" ind2=" "><marc:subfield code="a">BWK</marc:subfield><marc:subfield code="b">L5824339</marc:subfield></marc:datafield><marc:datafield tag="035" ind1=" " ind2=" "><marc:subfield code="a">6686214</marc:subfield></marc:datafield><marc:datafield tag="035" ind1=" " ind2=" "><marc:subfield code="a">(OCoLC)301705488</marc:subfield></marc:datafield><marc:datafield tag="040" ind1=" " ind2=" "><marc:subfield code="a">DLC</marc:subfield><marc:subfield code="c">DLC</marc:subfield><marc:subfield code="d">BTCTA</marc:subfield><marc:subfield code="d">YDXCP</marc:subfield><marc:subfield code="d">BWKUK</marc:subfield><marc:subfield code="d">BWK</marc:subfield></marc:datafield><marc:datafield tag="050" ind1="0" ind2="0"><marc:subfield code="a">BF378.A33</marc:subfield><marc:subfield code="b">M46 2010</marc:subfield></marc:datafield><marc:datafield tag="082" ind1="0" ind2="0"><marc:subfield code="a">153.1/2</marc:subfield><marc:subfield code="2">22</marc:subfield></marc:datafield><marc:datafield tag="245" ind1="0" ind2="0"><marc:subfield code="a">Memory, aging and the brain :</marc:subfield><marc:subfield code="b">a festschrift in honour of Lars-Göran Nilsson /</marc:subfield><marc:subfield code="c">edited by Lars Bäckman and Lars Nyberg.</marc:subfield></marc:datafield><marc:datafield tag="260" ind1=" " ind2=" "><marc:subfield code="a">Hove [England] ;</marc:subfield><marc:subfield code="a">New York :</marc:subfield><marc:subfield code="b">Psychology Press,</marc:subfield><marc:subfield code="c">2010.</marc:subfield></marc:datafield><marc:datafield tag="300" ind1=" " ind2=" "><marc:subfield code="a">viii, 355 p. :</marc:subfield><marc:subfield code="b">ill. ;</marc:subfield><marc:subfield code="c">24 cm.</marc:subfield></marc:datafield><marc:datafield tag="504" ind1=" " ind2=" "><marc:subfield code="a">Includes bibliographical references and indexes.</marc:subfield></marc:datafield><marc:datafield tag="505" ind1="0" ind2=" "><marc:subfield code="a">Long-term and working memory : how do they interact? / Alan Baddeley -- Memory for actions : how different? / Henry L. Roediger III and Franklin M. Zaromb -- Visual perceptual memory : anno 2008 / Svein Magnussen ... [et al.] -- Remembering in time : cognitive control of time keeping / Timo Mäntylä -- How do brains detect novelty? / Endel Tulving -- Bilingualism and aging : costs and benefits / Fergus I. M. Craik and Ellen Bialystok -- Sex differences in episodic memory : the where but not the why / Agneta Herlitz ... [et al.] -- An epidemiological approach to cognitive health in aging / Roger A. Dixon -- Decline-induced plastic changes of brain and behavior in aging / Martin Lövdén -- Dopamine, cognition, and human aging : new evidence and ideas / Lars Bäckman and Lars Nyberg -- Post-traumatic fear memories : analyzing a case-study of a sexual assault / Arne Öhman -- Environmental influences on autobiographical memory : the mnestic block syndrome / Matthias Brand, Hans J. Markowitsch -- The cognitive neuroscience of signed language : applications to a working memory system for sign and speech / Jerker Rönnberg, Mary Rudner &amp; Catharina Foo -- The mismatch negativity as an index of different forms of memory in audition / Risto Näätänen and Kairi Kreegipu -- Imaging genomics : brain alterations associated with the APOE genotype / Johanna Lind and Lars Nyberg.</marc:subfield></marc:datafield><marc:datafield tag="650" ind1=" " ind2="0"><marc:subfield code="a">Memory.</marc:subfield></marc:datafield><marc:datafield tag="650" ind1=" " ind2="0"><marc:subfield code="a">Aging.</marc:subfield></marc:datafield><marc:datafield tag="650" ind1=" " ind2="0"><marc:subfield code="a">Brain.</marc:subfield></marc:datafield><marc:datafield tag="650" ind1=" " ind2="7"><marc:subfield code="a">Aging</marc:subfield><marc:subfield code="2">fast</marc:subfield><marc:subfield code="0">(OCoLC)fst00800293</marc:subfield></marc:datafield><marc:datafield tag="650" ind1=" " ind2="7"><marc:subfield code="a">Brain</marc:subfield><marc:subfield code="2">fast</marc:subfield><marc:subfield code="0">(OCoLC)fst00837570</marc:subfield></marc:datafield><marc:datafield tag="650" ind1=" " ind2="7"><marc:subfield code="a">Memory</marc:subfield><marc:subfield code="2">fast</marc:subfield><marc:subfield code="0">(OCoLC)fst01015913</marc:subfield></marc:datafield><marc:datafield tag="700" ind1="1" ind2=" "><marc:subfield code="a">Nilsson, Lars-Göran,</marc:subfield><marc:subfield code="d">1944-</marc:subfield></marc:datafield><marc:datafield tag="700" ind1="1" ind2=" "><marc:subfield code="a">Bäckman, Lars.</marc:subfield></marc:datafield><marc:datafield tag="700" ind1="1" ind2=" "><marc:subfield code="a">Nyberg, Lars,</marc:subfield><marc:subfield code="d">1966-</marc:subfield></marc:datafield><marc:datafield tag="902" ind1=" " ind2=" "><marc:subfield code="a">pfnd</marc:subfield><marc:subfield code="b">Robinson</marc:subfield></marc:datafield><marc:datafield tag="948" ind1="1" ind2=" "><marc:subfield code="a">20091002</marc:subfield><marc:subfield code="b">f</marc:subfield><marc:subfield code="d">cac2</marc:subfield><marc:subfield code="e">lts</marc:subfield></marc:datafield><marc:datafield tag="948" ind1="2" ind2=" "><marc:subfield code="a">20141231</marc:subfield><marc:subfield code="b">m</marc:subfield><marc:subfield code="d">batch</marc:subfield><marc:subfield code="e">lts</marc:subfield><marc:subfield code="x">addfast</marc:subfield></marc:datafield><marc:datafield tag="980" ind1=" " ind2=" "><marc:subfield code="g">1</marc:subfield><marc:subfield code="h">p1215</marc:subfield><marc:subfield code="n">2009002259</marc:subfield><marc:subfield code="v">CouttsUK</marc:subfield></marc:datafield></marc:record>