
<marc:record><marc:leader>01370cam a2200337Ma 4500</marc:leader>
<marc:controlfield tag="001">7086875</marc:controlfield>
<marc:controlfield tag="005">20151220130533.0</marc:controlfield><marc:controlfield tag="008">070212s1966    mauacf        001 0 eng d</marc:controlfield><marc:datafield tag="035" ind1=" " ind2=" "><marc:subfield code="a">(OCoLC)228769432</marc:subfield></marc:datafield><marc:datafield tag="035" ind1=" " ind2=" "><marc:subfield code="a">7086875</marc:subfield></marc:datafield><marc:datafield tag="040" ind1=" " ind2=" "><marc:subfield code="a">CSmH</marc:subfield><marc:subfield code="e">dcrb</marc:subfield><marc:subfield code="c">HUV</marc:subfield><marc:subfield code="d">OCLCG</marc:subfield><marc:subfield code="d">NIC</marc:subfield></marc:datafield><marc:datafield tag="100" ind1="1" ind2=" "><marc:subfield code="a">Darwin, Charles,</marc:subfield><marc:subfield code="d">1809-1882.</marc:subfield></marc:datafield><marc:datafield tag="245" ind1="1" ind2="0"><marc:subfield code="a">On the origin of species /</marc:subfield><marc:subfield code="c">by Charles Darwin ; a facsimile of the first edition with an introduction by Ernst Mayr.</marc:subfield></marc:datafield><marc:datafield tag="250" ind1=" " ind2=" "><marc:subfield code="a">Second printing.</marc:subfield></marc:datafield><marc:datafield tag="260" ind1=" " ind2=" "><marc:subfield code="a">[Cambridge, Mass.] :</marc:subfield><marc:subfield code="b">Harvard University Press Cambridge, Massachusetts,</marc:subfield><marc:subfield code="c">1966.</marc:subfield></marc:datafield><marc:datafield tag="300" ind1=" " ind2=" "><marc:subfield code="a">xxvii, [1], ix, [1], 502 p., [1] leaf of plates (fold.) :</marc:subfield><marc:subfield code="b">ill., port. ;</marc:subfield><marc:subfield code="c">22 cm.</marc:subfield></marc:datafield><marc:datafield tag="500" ind1=" " ind2=" "><marc:subfield code="a">Edition statement from t.p. verso.</marc:subfield></marc:datafield><marc:datafield tag="500" ind1=" " ind2=" "><marc:subfield code="a">Half-title.</marc:subfield></marc:datafield><marc:datafield tag="500" ind1=" " ind2=" "><marc:subfield code="a">Bound in green cloth with green paper dust jacket.</marc:subfield></marc:datafield><marc:datafield tag="504" ind1=" " ind2=" "><marc:subfield code="a">Includes bibliographical references and index.</marc:subfield></marc:datafield><marc:datafield tag="510" ind1="4" ind2=" "><marc:subfield code="a">Freeman, R. B.  Darwin (2nd ed.),</marc:subfield><marc:subfield code="c">608</marc:subfield></marc:datafield><marc:datafield tag="650" ind1=" " ind2="0"><marc:subfield code="a">Evolution (Biology)</marc:subfield></marc:datafield><marc:datafield tag="650" ind1=" " ind2="0"><marc:subfield code="a">Natural selection.</marc:subfield></marc:datafield><marc:datafield tag="650" ind1=" " ind2="0"><marc:subfield code="a">Evolution.</marc:subfield></marc:datafield><marc:datafield tag="650" ind1=" " ind2="7"><marc:subfield code="a">Evolution</marc:subfield><marc:subfield code="2">fast</marc:subfield><marc:subfield code="0">(OCoLC)fst00917265</marc:subfield></marc:datafield><marc:datafield tag="650" ind1=" " ind2="7"><marc:subfield code="a">Evolution (Biology)</marc:subfield><marc:subfield code="2">fast</marc:subfield><marc:subfield code="0">(OCoLC)fst00917302</marc:subfield></marc:datafield><marc:datafield tag="650" ind1=" " ind2="7"><marc:subfield code="a">Natural selection</marc:subfield><marc:subfield code="2">fast</marc:subfield><marc:subfield code="0">(OCoLC)fst01034520</marc:subfield></marc:datafield><marc:datafield tag="700" ind1="1" ind2=" "><marc:subfield code="a">Mayr, Ernst,</marc:subfield><marc:subfield code="d">1904-2005,</marc:subfield><marc:subfield code="e">author of introduction, etc.</marc:subfield></marc:datafield><marc:datafield tag="948" ind1="2" ind2=" "><marc:subfield code="a">20101117</marc:subfield><marc:subfield code="b">b</marc:subfield><marc:subfield code="d">alw3</marc:subfield><marc:subfield code="e">lts</marc:subfield></marc:datafield><marc:datafield tag="948" ind1="2" ind2=" "><marc:subfield code="a">20141231</marc:subfield><marc:subfield code="b">m</marc:subfield><marc:subfield code="d">batch</marc:subfield><marc:subfield code="e">lts</marc:subfield><marc:subfield code="x">addfast</marc:subfield></marc:datafield><marc:datafield tag="950" ind1=" " ind2=" "><marc:subfield code="a">QH365</marc:subfield><marc:subfield code="b">.O2 1966</marc:subfield><marc:subfield code="l">rmc,hsci</marc:subfield></marc:datafield></marc:record>