
<marc:record><marc:leader>01515cam a2200349 a 4500</marc:leader>
<marc:controlfield tag="001">7107063</marc:controlfield>
<marc:controlfield tag="005">20150102025936.0</marc:controlfield><marc:controlfield tag="008">830629s1906    gw            000 0 ger d</marc:controlfield><marc:datafield tag="035" ind1=" " ind2=" "><marc:subfield code="a">(OCoLC)9655582</marc:subfield></marc:datafield><marc:datafield tag="035" ind1=" " ind2=" "><marc:subfield code="a">7107063</marc:subfield></marc:datafield><marc:datafield tag="040" ind1=" " ind2=" "><marc:subfield code="a">NIC</marc:subfield><marc:subfield code="c">NIC</marc:subfield></marc:datafield><marc:datafield tag="041" ind1="1" ind2=" "><marc:subfield code="a">ger</marc:subfield><marc:subfield code="h">eng</marc:subfield></marc:datafield><marc:datafield tag="050" ind1=" " ind2="4"><marc:subfield code="a">QH365</marc:subfield><marc:subfield code="b">.O213 1906</marc:subfield></marc:datafield><marc:datafield tag="100" ind1="1" ind2=" "><marc:subfield code="a">Darwin, Charles,</marc:subfield><marc:subfield code="d">1809-1882.</marc:subfield></marc:datafield><marc:datafield tag="240" ind1="1" ind2="0"><marc:subfield code="a">On the origin of species.</marc:subfield><marc:subfield code="l">German</marc:subfield></marc:datafield><marc:datafield tag="245" ind1="1" ind2="4"><marc:subfield code="a">Die Entstehung der Arten durch natürliche Zuchtwahl, oder, Die Erhaltung der begünstigten Rassen im Kampfe ums Dasein /</marc:subfield><marc:subfield code="c">von Charles Darwin ; nach der Übersetzung von J.V. Carus und der letzten englischen Ausgabe bearbeitet von Heinrich Schmidt.</marc:subfield></marc:datafield><marc:datafield tag="246" ind1="3" ind2="0"><marc:subfield code="a">Erhaltung der begünstigten Rassen im Kampfe ums Dasein</marc:subfield></marc:datafield><marc:datafield tag="250" ind1=" " ind2=" "><marc:subfield code="a">Volks-ausg.,</marc:subfield><marc:subfield code="b">11.-15. tausend.</marc:subfield></marc:datafield><marc:datafield tag="260" ind1=" " ind2=" "><marc:subfield code="a">Stuttgart :</marc:subfield><marc:subfield code="b">A. Kröner</marc:subfield><marc:subfield code="c">[1906]</marc:subfield></marc:datafield><marc:datafield tag="300" ind1=" " ind2=" "><marc:subfield code="a">iv, 297 p. ;</marc:subfield><marc:subfield code="c">23 cm.</marc:subfield></marc:datafield><marc:datafield tag="510" ind1="4" ind2=" "><marc:subfield code="a">History of Science copy 1: Freeman, R. B.  Darwin (2nd ed.),</marc:subfield><marc:subfield code="c">688 (variant)</marc:subfield></marc:datafield><marc:datafield tag="541" ind1="1" ind2=" "><marc:subfield code="a">History of Science copy 1: From the library of Prof. William B. Provine.</marc:subfield><marc:subfield code="5">NIC</marc:subfield></marc:datafield><marc:datafield tag="650" ind1=" " ind2="0"><marc:subfield code="a">Evolution.</marc:subfield></marc:datafield><marc:datafield tag="650" ind1=" " ind2="0"><marc:subfield code="a">Evolution (Biology)</marc:subfield></marc:datafield><marc:datafield tag="650" ind1=" " ind2="0"><marc:subfield code="a">Natural selection.</marc:subfield></marc:datafield><marc:datafield tag="650" ind1=" " ind2="7"><marc:subfield code="a">Evolution</marc:subfield><marc:subfield code="2">fast</marc:subfield><marc:subfield code="0">(OCoLC)fst00917265</marc:subfield></marc:datafield><marc:datafield tag="650" ind1=" " ind2="7"><marc:subfield code="a">Evolution (Biology)</marc:subfield><marc:subfield code="2">fast</marc:subfield><marc:subfield code="0">(OCoLC)fst00917302</marc:subfield></marc:datafield><marc:datafield tag="650" ind1=" " ind2="7"><marc:subfield code="a">Natural selection</marc:subfield><marc:subfield code="2">fast</marc:subfield><marc:subfield code="0">(OCoLC)fst01034520</marc:subfield></marc:datafield><marc:datafield tag="700" ind1="1" ind2=" "><marc:subfield code="a">Carus, Julius Victor,</marc:subfield><marc:subfield code="d">1823-1903,</marc:subfield><marc:subfield code="e">tr.</marc:subfield></marc:datafield><marc:datafield tag="710" ind1="2" ind2=" "><marc:subfield code="a">William B. Provine Collection on Evolution and Genetics.</marc:subfield><marc:subfield code="5">NIC</marc:subfield></marc:datafield><marc:datafield tag="948" ind1="1" ind2=" "><marc:subfield code="a">20101223</marc:subfield><marc:subfield code="b">o</marc:subfield><marc:subfield code="d">rc28</marc:subfield><marc:subfield code="e">lts</marc:subfield></marc:datafield><marc:datafield tag="948" ind1="2" ind2=" "><marc:subfield code="a">20150101</marc:subfield><marc:subfield code="b">m</marc:subfield><marc:subfield code="d">batch</marc:subfield><marc:subfield code="e">lts</marc:subfield><marc:subfield code="x">addfast</marc:subfield></marc:datafield></marc:record>