
<marc:record><marc:leader>01397cpcaa2200325|a 4500</marc:leader>
<marc:controlfield tag="001">7757848</marc:controlfield>
<marc:controlfield tag="005">20150102105315.0</marc:controlfield><marc:controlfield tag="008">120720s1872    nyu                 eng d</marc:controlfield><marc:datafield tag="035" ind1=" " ind2=" "><marc:subfield code="a">(OCoLC)801199450</marc:subfield></marc:datafield><marc:datafield tag="035" ind1=" " ind2=" "><marc:subfield code="a">7757848</marc:subfield></marc:datafield><marc:datafield tag="040" ind1=" " ind2=" "><marc:subfield code="a">NIC</marc:subfield><marc:subfield code="c">NIC</marc:subfield><marc:subfield code="e">dacs</marc:subfield></marc:datafield><marc:datafield tag="099" ind1=" " ind2="9"><marc:subfield code="a">198m</marc:subfield></marc:datafield><marc:datafield tag="100" ind1="1" ind2=" "><marc:subfield code="a">Douglass, Frederick,</marc:subfield><marc:subfield code="d">1818-1895.</marc:subfield></marc:datafield><marc:datafield tag="245" ind1="0" ind2="0"><marc:subfield code="a">Frederick Douglass letter to Charles J. Langdon,</marc:subfield><marc:subfield code="f">15 August 1872.</marc:subfield></marc:datafield><marc:datafield tag="300" ind1=" " ind2=" "><marc:subfield code="a">1 item.</marc:subfield></marc:datafield><marc:datafield tag="520" ind1=" " ind2=" "><marc:subfield code="a">Letter to Mr. Langdon about President Grant's failure to invite him to dinner.</marc:subfield></marc:datafield><marc:datafield tag="520" ind1="8" ind2=" "><marc:subfield code="a">Background information from The Life and Writings of Frederick Douglass, Vol. IV, Reconstruction and After, by Philip S. Foner, New York: International Publishers, 1955.</marc:subfield></marc:datafield><marc:datafield tag="546" ind1=" " ind2=" "><marc:subfield code="a">In English.</marc:subfield></marc:datafield><marc:datafield tag="524" ind1=" " ind2=" "><marc:subfield code="a">Frederick Douglass Letter to Charles J. Langdon, #198m. Division of Rare and Manuscript Collections, Cornell University Library.</marc:subfield></marc:datafield><marc:datafield tag="600" ind1="1" ind2="0"><marc:subfield code="a">Langdon, Charles J.</marc:subfield></marc:datafield><marc:datafield tag="600" ind1="1" ind2="0"><marc:subfield code="a">Grant, Ulysses Simpson,</marc:subfield><marc:subfield code="d">1822-1885.</marc:subfield></marc:datafield><marc:datafield tag="651" ind1=" " ind2="0"><marc:subfield code="a">United States</marc:subfield><marc:subfield code="x">Politics and government,</marc:subfield><marc:subfield code="y">1865-1877.</marc:subfield></marc:datafield><marc:datafield tag="600" ind1="1" ind2="7"><marc:subfield code="a">Grant, Ulysses Simpson,</marc:subfield><marc:subfield code="d">1822-1885</marc:subfield><marc:subfield code="2">fast/NIC/NAC</marc:subfield></marc:datafield><marc:datafield tag="600" ind1="1" ind2="7"><marc:subfield code="a">Langdon, Charles J.</marc:subfield><marc:subfield code="2">fast/NIC/NAC</marc:subfield></marc:datafield><marc:datafield tag="648" ind1=" " ind2="7"><marc:subfield code="a">1865 - 1877</marc:subfield><marc:subfield code="2">fast</marc:subfield></marc:datafield><marc:datafield tag="650" ind1=" " ind2="7"><marc:subfield code="a">Political science</marc:subfield><marc:subfield code="2">fast</marc:subfield><marc:subfield code="0">(OCoLC)fst01069781</marc:subfield></marc:datafield><marc:datafield tag="651" ind1=" " ind2="7"><marc:subfield code="a">United States</marc:subfield><marc:subfield code="2">fast</marc:subfield><marc:subfield code="0">(OCoLC)fst01204155</marc:subfield></marc:datafield><marc:datafield tag="948" ind1="0" ind2=" "><marc:subfield code="a">20120720</marc:subfield><marc:subfield code="b">i</marc:subfield><marc:subfield code="d">ee11</marc:subfield><marc:subfield code="e">rmc</marc:subfield><marc:subfield code="h">?</marc:subfield></marc:datafield><marc:datafield tag="948" ind1="1" ind2=" "><marc:subfield code="a">20120720</marc:subfield><marc:subfield code="b">o</marc:subfield><marc:subfield code="d">ee11</marc:subfield><marc:subfield code="e">rmc</marc:subfield></marc:datafield><marc:datafield tag="948" ind1="2" ind2=" "><marc:subfield code="a">20150102</marc:subfield><marc:subfield code="b">m</marc:subfield><marc:subfield code="d">batch</marc:subfield><marc:subfield code="e">lts</marc:subfield><marc:subfield code="x">addfast</marc:subfield></marc:datafield></marc:record>