
<marc:record><marc:leader>04748cpc a2200433 a 4500</marc:leader>
<marc:controlfield tag="001">8019961</marc:controlfield>
<marc:controlfield tag="005">20150108102800.0</marc:controlfield><marc:controlfield tag="008">130410i19202012nyu                 eng d</marc:controlfield><marc:datafield tag="035" ind1=" " ind2=" "><marc:subfield code="a">(OCoLC)838683969</marc:subfield></marc:datafield><marc:datafield tag="035" ind1=" " ind2=" "><marc:subfield code="a">8019961</marc:subfield></marc:datafield><marc:datafield tag="040" ind1=" " ind2=" "><marc:subfield code="a">NIC</marc:subfield><marc:subfield code="c">NIC</marc:subfield><marc:subfield code="e">dacs</marc:subfield><marc:subfield code="d">NIC</marc:subfield></marc:datafield><marc:datafield tag="099" ind1=" " ind2="9"><marc:subfield code="a">8084</marc:subfield></marc:datafield><marc:datafield tag="110" ind1="2" ind2=" "><marc:subfield code="a">New York Amsterdam News.</marc:subfield></marc:datafield><marc:datafield tag="245" ind1="1" ind2="0"><marc:subfield code="a">Amsterdam News photograph archive,</marc:subfield><marc:subfield code="f">1920-2012.</marc:subfield></marc:datafield><marc:datafield tag="300" ind1=" " ind2=" "><marc:subfield code="a">189 cubic feet.</marc:subfield></marc:datafield><marc:datafield tag="520" ind1=" " ind2=" "><marc:subfield code="a">Collection includes photographs and related materials covering a broad range of topics, with a particular focus on day-to-day life in New York's African-American community during the 20th century.  Subjects include civil rights marches and protests, church events, high school graduations, local politics, and fashion. Some photographs were taken by staff photographers, while others originated with wire services or as submissions from individuals or agencies.  Formats in the collection include silver gelatin prints, negatives (including many unpublished images), contact sheets, Polaroids, wire photos, and halftone prints.  As the working photo archive of a continuously-published newspaper, many of the images have retouching, attached captions, press releases, cover letters, and printer's instructions. In addition to photographs, the collection includes ephemera and manuscript material, including newspaper article drafts, typescript and mimeographed speeches, correspondence, event programs, magazine and newspaper clippings, employment applications, press releases, and newspaper production materials.</marc:subfield></marc:datafield><marc:datafield tag="520" ind1=" " ind2=" "><marc:subfield code="a">The bulk of the materials in the archive range from the mid-1940s through the mid-1990s. The materials are divided into series, reflecting the organization of the materials in the AM News offices. A major sub-series of the collection is the archive of Mel Tapley, who began working for the Amsterdam News in 1942 and served as entertainment editor until his retirement in 1997. The Mel Tapley archive includes a wide variety of material, including correspondence, manuscript and typescript articles and notes, artwork, press kits, publicity photos, and printing plates for comic strips drawn by Tapley.</marc:subfield></marc:datafield><marc:datafield tag="520" ind1=" " ind2=" "><marc:subfield code="a">Photographers represented in the collection include Bert Andrews, Kwame Brathwaite, Al Burley, James C. Campbell, Curt Clemons, Juanita M. Cole, Karl Crutchfield, L. St. Clair Dummett, Monroe S. Frederick II, James Gilbert, Dave Greene, Austin Hansen, Tex Harris, Bob Head, Cecil Layne, David McAdams, Bill Moore, Allen Morgan, Vondel Nichols, Lem Peterkin, George M. West, and Lloyd Yearwood. Photo agencies and services represented include Pictorial Enterprise, Wide World Photo, Harris Photo, News Voice International, Rapid News Photo, United Press International, Negro Press Photo Service, Wagner International Photos, and Ace Creative Photos.</marc:subfield></marc:datafield><marc:datafield tag="524" ind1=" " ind2=" "><marc:subfield code="a">Amsterdam News photograph archive, #8084. Division of Rare and Manuscript Collections, Cornell University Library.</marc:subfield></marc:datafield><marc:datafield tag="545" ind1=" " ind2=" "><marc:subfield code="a">Founded in 1909 by James H. Anderson, the New York Amsterdam News is one of the oldest African-American owned and run newspapers in the country. Initially focused on local news in New York in general and Harlem in particular, the Amsterdam News broadened its scope to include national news under the guidance of editor Dr. C.B. Powell in the 1930s. By the 1960s, the newspaper had become a major voice in the national African-American community, offering extensive coverage of the civil rights movement. Beginning in 1982, the newspaper was edited by Wilbert A. Tatum, under whose guidance the newspaper remained a voice in local and national affairs. In 1996, Tatum turned control of the newspaper over to his daughter, Elinor Tatum, who remained the publisher and editor-in-chief through the 2000s.</marc:subfield></marc:datafield><marc:datafield tag="546" ind1=" " ind2=" "><marc:subfield code="a">In English.</marc:subfield></marc:datafield><marc:datafield tag="555" ind1=" " ind2=" "><marc:subfield code="a">A series listing is available.</marc:subfield></marc:datafield><marc:datafield tag="630" ind1="0" ind2="0"><marc:subfield code="a">New York Amsterdam news.</marc:subfield></marc:datafield><marc:datafield tag="650" ind1=" " ind2="0"><marc:subfield code="a">African American newspapers.</marc:subfield></marc:datafield><marc:datafield tag="650" ind1=" " ind2="0"><marc:subfield code="a">African Americans</marc:subfield><marc:subfield code="z">New York (State)</marc:subfield><marc:subfield code="z">New York.</marc:subfield></marc:datafield><marc:datafield tag="651" ind1=" " ind2="0"><marc:subfield code="a">New York (N.Y.)</marc:subfield><marc:subfield code="v">Pictorial works.</marc:subfield></marc:datafield><marc:datafield tag="651" ind1=" " ind2="0"><marc:subfield code="a">Harlem (New York, N.Y.)</marc:subfield><marc:subfield code="v">Pictorial works.</marc:subfield></marc:datafield><marc:datafield tag="655" ind1=" " ind2="7"><marc:subfield code="a">Photographs.</marc:subfield><marc:subfield code="2">aat</marc:subfield></marc:datafield><marc:datafield tag="650" ind1=" " ind2="7"><marc:subfield code="a">African American newspapers</marc:subfield><marc:subfield code="2">fast</marc:subfield><marc:subfield code="0">(OCoLC)fst00799278</marc:subfield></marc:datafield><marc:datafield tag="650" ind1=" " ind2="7"><marc:subfield code="a">African Americans</marc:subfield><marc:subfield code="2">fast</marc:subfield><marc:subfield code="0">(OCoLC)fst00799558</marc:subfield></marc:datafield><marc:datafield tag="651" ind1=" " ind2="7"><marc:subfield code="a">New York (State)</marc:subfield><marc:subfield code="z">New York</marc:subfield><marc:subfield code="2">fast</marc:subfield><marc:subfield code="0">(OCoLC)fst01204333</marc:subfield></marc:datafield><marc:datafield tag="651" ind1=" " ind2="7"><marc:subfield code="a">New York (State)</marc:subfield><marc:subfield code="z">New York</marc:subfield><marc:subfield code="z">Harlem</marc:subfield><marc:subfield code="2">fast</marc:subfield><marc:subfield code="0">(OCoLC)fst01312318</marc:subfield></marc:datafield><marc:datafield tag="655" ind1=" " ind2="7"><marc:subfield code="a">Pictorial works</marc:subfield><marc:subfield code="2">fast</marc:subfield><marc:subfield code="0">(OCoLC)fst01423874</marc:subfield></marc:datafield><marc:datafield tag="856" ind1="4" ind2="2"><marc:subfield code="3">Finding aid</marc:subfield><marc:subfield code="u">http://resolver.library.cornell.edu/cgi-bin/EADresolver?id=RMM08084</marc:subfield></marc:datafield><marc:datafield tag="948" ind1="0" ind2=" "><marc:subfield code="a">20130410</marc:subfield><marc:subfield code="b">i</marc:subfield><marc:subfield code="d">edm29</marc:subfield><marc:subfield code="e">rmc</marc:subfield><marc:subfield code="h">?</marc:subfield></marc:datafield><marc:datafield tag="948" ind1="1" ind2=" "><marc:subfield code="a">20130410</marc:subfield><marc:subfield code="b">o</marc:subfield><marc:subfield code="d">edm29</marc:subfield><marc:subfield code="e">rmc</marc:subfield></marc:datafield><marc:datafield tag="948" ind1="2" ind2=" "><marc:subfield code="a">20130522</marc:subfield><marc:subfield code="b">m</marc:subfield><marc:subfield code="d">edm29</marc:subfield><marc:subfield code="e">rmc</marc:subfield></marc:datafield><marc:datafield tag="948" ind1="2" ind2=" "><marc:subfield code="a">20130522</marc:subfield><marc:subfield code="b">m</marc:subfield><marc:subfield code="d">mnr1</marc:subfield><marc:subfield code="e">lts</marc:subfield></marc:datafield><marc:datafield tag="948" ind1="2" ind2=" "><marc:subfield code="a">20150102</marc:subfield><marc:subfield code="b">m</marc:subfield><marc:subfield code="d">batch</marc:subfield><marc:subfield code="e">lts</marc:subfield><marc:subfield code="x">addfast</marc:subfield></marc:datafield></marc:record>