
<marc:record><marc:leader>03242cim a2200661 i 4500</marc:leader>
<marc:controlfield tag="001">8312641</marc:controlfield>
<marc:controlfield tag="005">20160113192849.0</marc:controlfield><marc:controlfield tag="006">m     o  h f      </marc:controlfield><marc:controlfield tag="007">sz uunnnn|||uu</marc:controlfield><marc:controlfield tag="007">cr |||||||||||</marc:controlfield><marc:controlfield tag="008">131106s2013    dcunnnngo    f h  n eng c</marc:controlfield><marc:datafield tag="035" ind1=" " ind2=" "><marc:subfield code="a">(OCoLC)862155217</marc:subfield></marc:datafield><marc:datafield tag="035" ind1=" " ind2=" "><marc:subfield code="a">8312641</marc:subfield></marc:datafield><marc:datafield tag="040" ind1=" " ind2=" "><marc:subfield code="a">GPO</marc:subfield><marc:subfield code="b">eng</marc:subfield><marc:subfield code="e">rda</marc:subfield><marc:subfield code="e">pn</marc:subfield><marc:subfield code="c">GPO</marc:subfield><marc:subfield code="d">GYG</marc:subfield><marc:subfield code="d">GPO</marc:subfield><marc:subfield code="d">MvI</marc:subfield><marc:subfield code="d">NIC</marc:subfield></marc:datafield><marc:datafield tag="042" ind1=" " ind2=" "><marc:subfield code="a">pcc</marc:subfield></marc:datafield><marc:datafield tag="043" ind1=" " ind2=" "><marc:subfield code="a">n-us---</marc:subfield></marc:datafield><marc:datafield tag="074" ind1=" " ind2=" "><marc:subfield code="a">0856-A-12 (online)</marc:subfield></marc:datafield><marc:datafield tag="086" ind1="0" ind2=" "><marc:subfield code="a">PREX 3.17:B 76/2</marc:subfield></marc:datafield><marc:datafield tag="100" ind1="1" ind2=" "><marc:subfield code="a">Helgerson, John L.,</marc:subfield><marc:subfield code="d">1944-</marc:subfield><marc:subfield code="e">author.</marc:subfield></marc:datafield><marc:datafield tag="240" ind1="1" ind2="0"><marc:subfield code="a">Getting to know the president.</marc:subfield><marc:subfield code="s">Spoken word</marc:subfield></marc:datafield><marc:datafield tag="245" ind1="1" ind2="0"><marc:subfield code="a">Getting to know the president :</marc:subfield><marc:subfield code="b">intelligence briefings of presidential candidates, 1952-2004 /</marc:subfield><marc:subfield code="c">by John Helgerson.</marc:subfield></marc:datafield><marc:datafield tag="246" ind1="3" ind2="0"><marc:subfield code="a">Intelligence briefings of presidential candidates, 1952-2004</marc:subfield></marc:datafield><marc:datafield tag="250" ind1=" " ind2=" "><marc:subfield code="a">Second edition.</marc:subfield></marc:datafield><marc:datafield tag="264" ind1=" " ind2="1"><marc:subfield code="a">Washington, D.C. :</marc:subfield><marc:subfield code="b">Center for the Study of Intelligence, Central Intelligence Agency,</marc:subfield><marc:subfield code="c">[2013]</marc:subfield></marc:datafield><marc:datafield tag="300" ind1=" " ind2=" "><marc:subfield code="a">1 online resource (8 audio files (8:05:04)) :</marc:subfield><marc:subfield code="b">MP3 format, digital, streaming and downloadable</marc:subfield></marc:datafield><marc:datafield tag="336" ind1=" " ind2=" "><marc:subfield code="a">spoken word</marc:subfield><marc:subfield code="2">rdacontent</marc:subfield></marc:datafield><marc:datafield tag="337" ind1=" " ind2=" "><marc:subfield code="a">computer</marc:subfield><marc:subfield code="2">rdamedia</marc:subfield></marc:datafield><marc:datafield tag="338" ind1=" " ind2=" "><marc:subfield code="a">online resource</marc:subfield><marc:subfield code="2">rdacarrier</marc:subfield></marc:datafield><marc:datafield tag="347" ind1=" " ind2=" "><marc:subfield code="a">audio file</marc:subfield><marc:subfield code="b">MP3</marc:subfield><marc:subfield code="2">rda</marc:subfield></marc:datafield><marc:datafield tag="538" ind1=" " ind2=" "><marc:subfield code="a">System requirements: digital audio media software.</marc:subfield></marc:datafield><marc:datafield tag="500" ind1=" " ind2=" "><marc:subfield code="a">&quot;First published in 1996 and now revised and updated to include accounts of intelligence support to candidates and presidents-elect in the three elections between then and 2004&quot;--Introduction (1:37-1:49).</marc:subfield></marc:datafield><marc:datafield tag="500" ind1=" " ind2=" "><marc:subfield code="a">Title from &quot;Introduction&quot; file (heard Nov. 5, 2013).</marc:subfield></marc:datafield><marc:datafield tag="500" ind1=" " ind2=" "><marc:subfield code="a">&quot;Recorded in April 2013&quot;--Introduction.</marc:subfield></marc:datafield><marc:datafield tag="583" ind1="1" ind2=" "><marc:subfield code="a">preserve</marc:subfield><marc:subfield code="f">44 U.S.C.</marc:subfield><marc:subfield code="z">This digitized content, provided by the U.S. Central Intelligence Agency, was ingested into GPO's online repository, FDsys, authenticated, digitally preserved, and made available to the public via PURL on November 5, 2013</marc:subfield></marc:datafield><marc:datafield tag="610" ind1="1" ind2="0"><marc:subfield code="a">United States.</marc:subfield><marc:subfield code="b">Central Intelligence Agency.</marc:subfield></marc:datafield><marc:datafield tag="650" ind1=" " ind2="0"><marc:subfield code="a">Presidential candidates</marc:subfield><marc:subfield code="z">United States.</marc:subfield></marc:datafield><marc:datafield tag="650" ind1=" " ind2="0"><marc:subfield code="a">Intelligence service</marc:subfield><marc:subfield code="z">United States.</marc:subfield></marc:datafield><marc:datafield tag="650" ind1=" " ind2="0"><marc:subfield code="a">National security</marc:subfield><marc:subfield code="z">United States</marc:subfield><marc:subfield code="x">Information services.</marc:subfield></marc:datafield><marc:datafield tag="655" ind1=" " ind2="7"><marc:subfield code="a">Audiobooks.</marc:subfield><marc:subfield code="2">lcgft</marc:subfield></marc:datafield><marc:datafield tag="610" ind1="1" ind2="7"><marc:subfield code="a">United States.</marc:subfield><marc:subfield code="b">Central Intelligence Agency</marc:subfield><marc:subfield code="2">fast</marc:subfield><marc:subfield code="0">(OCoLC)fst00536259</marc:subfield></marc:datafield><marc:datafield tag="650" ind1=" " ind2="7"><marc:subfield code="a">Intelligence service</marc:subfield><marc:subfield code="2">fast</marc:subfield><marc:subfield code="0">(OCoLC)fst00975848</marc:subfield></marc:datafield><marc:datafield tag="650" ind1=" " ind2="7"><marc:subfield code="a">Presidential candidates</marc:subfield><marc:subfield code="2">fast</marc:subfield><marc:subfield code="0">(OCoLC)fst01075708</marc:subfield></marc:datafield><marc:datafield tag="651" ind1=" " ind2="7"><marc:subfield code="a">United States</marc:subfield><marc:subfield code="2">fast</marc:subfield><marc:subfield code="0">(OCoLC)fst01204155</marc:subfield></marc:datafield><marc:datafield tag="710" ind1="2" ind2=" "><marc:subfield code="a">Center for the Study of Intelligence (U.S.),</marc:subfield><marc:subfield code="e">issuing body.</marc:subfield></marc:datafield><marc:datafield tag="776" ind1="0" ind2="8"><marc:subfield code="i">Print textual version:</marc:subfield><marc:subfield code="a">Helgerson, John L., 1944-</marc:subfield><marc:subfield code="t">Getting to know the president</marc:subfield><marc:subfield code="w">(OCoLC)819548431</marc:subfield></marc:datafield><marc:datafield tag="856" ind1="4" ind2="0"><marc:subfield code="3">Available from the U.S. Government Printing Office. Access via GPO's FDsys:</marc:subfield><marc:subfield code="i">dbcode=ACAJP; providercode=PRVLSH</marc:subfield><marc:subfield code="u">http://purl.fdlp.gov/GPO/gpo41277</marc:subfield></marc:datafield><marc:datafield tag="899" ind1="2" ind2=" "><marc:subfield code="a">PRVLSH_ACAJP</marc:subfield></marc:datafield><marc:datafield tag="899" ind1=" " ind2=" "><marc:subfield code="a">Marcive</marc:subfield></marc:datafield><marc:datafield tag="906" ind1=" " ind2=" "><marc:subfield code="a">wo</marc:subfield></marc:datafield><marc:datafield tag="948" ind1="2" ind2=" "><marc:subfield code="a">20140114</marc:subfield><marc:subfield code="b">m</marc:subfield><marc:subfield code="d">batch</marc:subfield><marc:subfield code="e">lts</marc:subfield></marc:datafield><marc:datafield tag="948" ind1="3" ind2=" "><marc:subfield code="a">20140114</marc:subfield><marc:subfield code="h">Marcive</marc:subfield><marc:subfield code="i">CITH1401-JAN14</marc:subfield></marc:datafield><marc:datafield tag="948" ind1="0" ind2=" "><marc:subfield code="a">20140108</marc:subfield><marc:subfield code="b">i</marc:subfield><marc:subfield code="d">batch</marc:subfield><marc:subfield code="e">lts</marc:subfield></marc:datafield><marc:datafield tag="948" ind1="1" ind2=" "><marc:subfield code="a">20140108</marc:subfield><marc:subfield code="b">s</marc:subfield><marc:subfield code="d">batch</marc:subfield><marc:subfield code="e">lts</marc:subfield><marc:subfield code="f">ebk</marc:subfield></marc:datafield><marc:datafield tag="948" ind1="3" ind2=" "><marc:subfield code="a">20140108</marc:subfield><marc:subfield code="h">Marcive</marc:subfield><marc:subfield code="i">CITH1312-DEC13</marc:subfield></marc:datafield><marc:datafield tag="948" ind1="2" ind2=" "><marc:subfield code="a">20150103</marc:subfield><marc:subfield code="b">m</marc:subfield><marc:subfield code="d">batch</marc:subfield><marc:subfield code="e">lts</marc:subfield><marc:subfield code="x">addfast</marc:subfield></marc:datafield><marc:datafield tag="948" ind1="2" ind2=" "><marc:subfield code="a">20250424</marc:subfield><marc:subfield code="b">m</marc:subfield><marc:subfield code="d">batch</marc:subfield><marc:subfield code="e">lts</marc:subfield><marc:subfield code="x">dbprovider</marc:subfield></marc:datafield><marc:datafield tag="948" ind1="2" ind2=" "><marc:subfield code="a">20160113</marc:subfield><marc:subfield code="b">m</marc:subfield><marc:subfield code="d">batch</marc:subfield><marc:subfield code="e">lts</marc:subfield><marc:subfield code="x">ebookenhanced</marc:subfield></marc:datafield><marc:datafield tag="950" ind1=" " ind2=" "><marc:subfield code="a">E840.6</marc:subfield><marc:subfield code="b">.H45 2013ab</marc:subfield><marc:subfield code="l">oclc-m</marc:subfield></marc:datafield></marc:record>